1685 2901
191 133 282 180 110
730 128 1032 175 DinYNAMiA.

185 259 538 321 bescentibus,
577 261 723 325 spicis
749 262 1027 309 numerosis
1052 271 1259 324 anguste
1297 258 1570 320 cylindricis

188 329 524 389 densissimis,
585 345 684 380 cor.
733 330 920 393 exiguis
958 327 1136 395 pallide
1169 328 1465 392 purpureis,
1507 360 1567 366 -

186 400 346 462 Spicae
372 397 580 444 amentis
600 397 713 446 Alni
733 398 914 445 similes
944 410 1085 456 sunt-3
1126 408 1273 461 typus
1315 394 1569 443 foemineus

185 464 437 531 praevalet.
486 495 549 502 —

261 564 302 590 οι-
337 558 376 590 et
406 551 450 601 β.
480 555 523 588 {n
554 552 670 589 fossis
699 552 895 589 humidis.
930 566 973 600 y.
1006 551 1067 586 Ad
1098 560 1261 597 aggeres
1293 550 1420 585 siccos
1448 554 1486 584 et
1504 559 1561 593 ag-

184 630 327 655 rorum
356 619 576 664 margines.
604 610 638 660 ὃ.
669 619 715 653 In
737 618 916 654 dumetis
940 622 979 653 et
1001 617 1053 652 ad
1074 626 1188 662 sepes
1219 614 1426 660 frequens.
1455 628 1486 650 ε.
1515 614 1573 647 Ad

184 685 270 720 vias
295 689 388 720 ante
403 689 563 730 portam
590 685 812 730 lapideam.
836 684 967 728 Prope
992 685 1042 718 D.
1064 682 1282 717 Jacobutn.
1307 665 1347 731 ξ
1373 678 1434 714 Ad
1451 679 1574 714 fossas

182 760 313 796 prope
336 751 529 787 Muttenz
557 754 595 786 et
629 750 836 786 Pratteln.
879 761 916 790 n.
949 750 996 783 ln
1022 747 1200 783 dumetis
1233 746 1341 780 inter
1375 742 1574 779 Ho'rnlein

182 820 221 848 et
249 815 498 851 Grenzach.
546 816 678 860 Prope
707 814 941 850 Milllheim.
987 814 1118 858 Prope
1152 812 1202 846 D.
1243 809 1446 845 ,Iacobum
1475 808 1571 842 Rev.

182 878 343 915 Miixcn.
390 876 440 924 9.
468 879 573 915 Ante
610 883 746 925 portas
777 880 957 925 spaleam
991 883 1029 914 et
1057 877 1280 923 lapideam.
1329 875 1355 911 i.
1395 874 1440 908 In
1461 872 1575 909 fossis

178 954 308 990 prope
333 945 584 987 Miillheim3
612 945 719 980 circa
743 944 999 990 Neaenburq
1022 944 1130 978 inter
1157 945 1360 987 parentes.
1394 951 1435 976 κ.
1467 940 1574 973 Inter

179 1011 323 1046 urbem
356 1014 395 1045 et
427 1010 765 1053 Monclzensteim
795 1010 902 1045 inter
929 1008 1180 1054 Hiiqelheim
1201 1011 1238 1041 et
1265 1005 1500 1041 Miilllzeim.
1530 1009 1571 1039 λ.

179 1075 224 1108 In
268 1075 452 1110 dumosis
486 1085 614 1120 prope
643 1075 881 1111 Mullheim.
914 1084 963 1119 μ.
988 1073 1141 1108 {bidem
1169 1071 1263 1105 etin
1283 1069 1420 1105 insula
1441 1069 1571 1102 Rheni

177 1149 306 1184 prope
335 1140 603 1185 Neuenhury.

249 1226 415 1288 (Pag.
443 1223 554 1286 83.)
601 1226 722 1271 Post
763 1226 845 1271 M.
885 1227 1194 1287 sylvestrem
1228 1224 1501 1268 inseratur:

249 1305 340 1367 1*)
385 1307 654 1353 balsamea
696 1306 774 1355 W.
828 1306 960 1363 En.,·
1024 1303 1162 1349 caule
1210 1318 1358 1366 parce
1415 1300 1570 1364 piloso

182 1390 398 1435 ramoso,
442 1373 568 1420 foliis
618 1371 971 1420 subsessilibus
1016 1370 1245 1433 oblongis
1293 1367 1398 1415 basi
1446 1379 1572 1414 atte-

181 1443 365 1501 nuatis,
397 1441 574 1503 acutis,
607 1441 918 1506 inaequaliter
945 1439 1164 1499 serratis,
1202 1435 1336 1502 pube
1369 1434 1574 1500 adpres-

179 1528 230 1558 sa
282 1527 388 1558 rara
437 1508 730 1574 adspersis,
795 1507 1043 1555 verticillis
1100 1506 1277 1552 infimis
1345 1503 1572 1552 distanti-

178 1579 294 1639 bus,
339 1595 442 1625 cor.
483 1578 690 1637 carneis,
742 1575 1036 1624 staminibus
1081 1573 1227 1637 longe
1275 1572 1498 1621 exsertis
1527 1613 1569 1624 ,.

179 1649 246 1695 M.
294 1644 610 1709 pyramidalis
648 1648 849 1692 Tenore
901 1643 1043 1704 (non
1070 1639 1312 1701 Benth.).
1361 1641 1423 1685 M.
1452 1640 1567 1699 sylv.

179 1731 226 1767 γ.
256 1712 538 1776 pubescens
587 1710 727 1759 Koch
772 1713 890 1771 Syn.
936 1711 1049 1771 (M.
1098 1709 1380 1770 pubescens
1416 1708 1567 1754 Reus,

179 1780 252 1831 Fl.
307 1797 433 1840 exc,
478 1796 625 1843 quam
671 1778 760 1824 cel.
794 1789 969 1824 auctor
1007 1774 1067 1821 ad
1106 1777 1175 1822 M.
1216 1773 1569 1838 pyramidaleni

180 1850 379 1895 'l‘enore
430 1845 596 1903 ducit,
647 1844 845 1891 videtur
879 1860 984 1891 esse
1035 1845 1116 1890 M.
1172 1841 1426 1904 Langii.)

246 1929 411 1977 Caulis
462 1926 652 1991 rigidus
685 1925 1068 1983 subllexuosus,
1107 1940 1239 1988 saepe
1270 1922 1570 1988 pubescens,

183 1996 452 2057 1¹s2—-2‘,
525 1995 660 2042 Folia
701 1994 936 2059 pleraque
981 1992 1197 2051 sessilia,
1243 2008 1355 2038 raro
1404 1989 1569 2037 brem>

179 2078 258 2113 ter
305 2063 572 2130 petiolata,
623 2062 871 2122 firmiora,
916 2072 1134 2108 saturate
1176 2058 1372 2119 viridia,
1419 2075 1567 2122 supra

179 2133 313 2196 pube
356 2130 645 2180 brevissima
692 2147 799 2177 rara
838 2128 1024 2190 obsita,
1063 2127 1242 2175 subtus
1290 2127 1484 2174 nonnisi
1508 2126 1566 2172 ad

180 2217 360 2249 nervos
433 2198 862 2265 patenti-pilosa,
941 2197 1138 2261 punctis
1203 2195 1436 2242 resinosis
1494 2196 1567 2241 in-

180 2269 399 2317 numeris
435 2283 716 2332 conspersa.
754 2265 895 2313 Rami
924 2265 1140 2329 florigeri
1177 2275 1354 2311 tenues
1390 2265 1567 2323 stricti,

180 2337 370 2398 calyces
408 2334 514 2382 basi
549 2334 735 2400 glabri,
776 2333 1011 2382 dentibus
1053 2331 1566 2380 lineari-acuminatis

178 2405 365 2452 ciliatis.
441 2404 616 2450 Flores
663 2401 919 2466 majusculi
980 2400 1145 2449 carnei
1195 2399 1287 2445 levi
1342 2414 1563 2463 purpura

179 2470 404 2523 obducti.
446 2473 601 2522 Stam.
668 2470 813 2533 longe
864 2482 1055 2517 exserta
1105 2465 1285 2526 albida,
1347 2465 1561 2514 antheris

178 2539 464 2605 purpureis,
535 2537 680 2588 Odor
727 2538 1025 2586 aromaticus
1073 2547 1260 2600 gratus,
