1685 2901
194 926 248 962 ’ἒ

254 935 277 969 ΕΝ

234 1004 294 1593 ΙΙΙΙΙΙΙίΙΙΙ

650 573 1115 626 ERRATA.

791 804 936 848 Tom.
977 802 1021 847 I.

281 950 292 962 .
331 925 389 961 12.
417 923 523 960 linea
554 922 598 965 1,
627 934 700 968 pro
728 931 925 960 occurunt
951 923 1066 968 leget
1095 924 1326 956 occurrunt.

330 1001 374 1010 —
413 982 485 1018 lin.
507 979 558 1026 7,
586 993 657 1027 pro
683 984 841 1028 repperi
873 982 900 1019 l.
928 978 1072 1025 reperi.

330 1039 389 1076 29.
421 1039 492 1076 lin.
523 1041 843 1085 antipenultima
872 1049 943 1085 pro
970 1040 1014 1076 C.
1046 1039 1073 1073 1.
1099 1039 1241 1074 carex.

332 1100 386 1135 31.
418 1098 491 1135 lin.
517 1099 561 1139 9,
590 1109 710 1143 supra
733 1097 855 1134 finem
881 1098 972 1133 loco
999 1093 1047 1144 23.
1073 1106 1178 1141 pone
1208 1088 1277 1142 Θ.

334 1157 395 1194 43.
421 1158 490 1193 lin.
517 1157 584 1200 17,
614 1158 690 1195 Pro
712 1156 928 1201 Parpalum
958 1156 1070 1199 lege:
1098 1153 1328 1197 Paspalum.

334 1236 377 1243 --
415 1216 485 1251 lin.
514 1216 662 1253 ultima
687 1226 760 1260 pro
783 1214 1141 1250 commedebantur
1168 1211 1194 1245 l.
1223 1207 1549 1244 comedebantur.

338 1276 400 1311 46.
432 1275 501 1309 lin.
528 1274 577 1316 4,
605 1285 627 1310 a
653 1273 732 1310 fine
759 1283 832 1317 pro
855 1271 1113 1308 Miilhusium
1140 1270 1166 1305 1.
1187 1266 1454 1304 Miilhusiam.

337 1332 396 1368 56.
425 1333 497 1368 lin.
523 1330 591 1376 17,
620 1332 710 1368 loco
736 1332 800 1372 -Η-
825 1331 931 1367 sint:
960 1331 1072 1372 †††·

336 1391 394 1428 70.
421 1391 493 1428 lin.
522 1388 572 1435 5,
600 1402 623 1427 a
648 1390 726 1427 fine
752 1400 827 1436 pro
854 1389 1005 1427 Plauen
1032 1388 1146 1431 lege:
1172 1384 1345 1423 Blauen.

338 1451 399 1486 80.
429 1450 501 1486 lin.
527 1449 577 1491 4,
605 1460 677 1495 pro
704 1449 877 1487 moeniis
907 1448 936 1485 1.
963 1446 1194 1483 moenibus.

341 1507 401 1543 92.
430 1508 502 1545 lin⁴
531 1507 600 1552 17,
630 1519 702 1554 pro
728 1509 925 1545 Bromeus
952 1507 979 1542 1.
1005 1506 1195 1543 Bromus.

323 1566 401 1603 101.
429 1567 504 1605 lin,
531 1566 598 1611 15,
630 1574 726 1612 post
752 1567 861 1604 Han.
891 1565 992 1602 adde
1016 1561 1060 1609 β.

250 1645 297 1652 -
342 1643 387 1651 —
421 1624 478 1660 lin
521 1624 590 1668 16,
620 1635 692 1670 pro
720 1623 881 1669 repperi
909 1623 995 1666 lege
1016 1633 1024 1657 z
1049 1617 1196 1665 reperi.

324 1682 404 1718 108.
434 1683 505 1719 lin.
537 1683 767 1728 penultima
791 1692 864 1727 pro
891 1692 963 1716 αα.
991 1680 1019 1715 1.
1047 1675 1121 1723 ββ.

252 1763 303 1772 -
329 1739 408 1776 125.
437 1740 506 1775 lin.
537 1742 559 1777 3
583 1751 605 1776 a
632 1739 738 1782 fine,
771 1750 843 1783 pro
870 1735 1029 1782 repperi
1056 1736 1084 1771 1.
1112 1732 1259 1778 reperi.

326 1795 404 1833 126.
430 1796 503 1833 lin.
528 1800 595 1840 11,
628 1807 699 1842 pro
727 1795 967 1833 Portulacca
991 1794 1019 1828 l.
1052 1790 1276 1828 Portulaca.

258 1876 301 1884 —-
328 1854 408 1892 135.
437 1855 510 1890 lin.
539 1851 591 1898 5,
625 1865 698 1899 pro
728 1853 899 1899 propriae
926 1851 956 1889 1.
982 1848 1155 1895 proprii.

257 1935 303 1943 -
329 1912 409 1951 148.
440 1914 510 1949 lin.
539 1912 560 1948 6
578 1938 590 1953 ,
614 1922 687 1957 pro
714 1910 892 1956 repperit
918 1910 947 1946 l.
975 1907 1137 1953 reperit.

256 1992 303 2000 —-
333 1970 413 2008 158.
442 1971 515 2007 lin.
541 1968 689 2006 ultima
714 1969 779 2005 del
805 1970 848 2005 C.
881 1967 1017 2003 minor
1040 1968 1131 2000 Dec.

261 2051 307 2059 -
333 2028 418 2069 175.
441 2029 515 2067 lin.
541 2029 587 2072 3,
624 2038 697 2074 pro
719 2025 905 2073 repperio
932 2026 1046 2071 lege:
1077 2019 1249 2067 reperio.

262 2108 309 2117 --
333 2087 417 2126 189.
446 2087 520 2124 lin.
550 2088 617 2130 18,
645 2087 759 2122 deme
780 2083 924 2121 verba:
956 2093 1026 2118 var
1050 2079 1191 2117 1-fl0ra
1213 2085 1252 2116 et
1276 2076 1377 2114 adde
1407 2073 1522 2113 lineoe
1546 2071 1606 2110 20.

264 2167 311 2176 --
336 2146 423 2186 192.
445 2145 520 2182 lin.
545 2146 568 2181 3
596 2155 619 2181 a
642 2142 747 2186 fine,
776 2152 848 2187 pro
875 2139 1029 2177 laevitcr
1053 2139 1166 2185 lege:
1197 2135 1354 2174 leviter.

219 2210 241 2250 Γ
264 2227 310 2239 .-
334 2205 415 2242 202.
445 2205 517 2241 lin.
546 2201 568 2240 7
588 2230 600 2247 ,
628 2212 701 2248 pro
727 2200 880 2237 laeviter
904 2200 933 2235 l.
960 2197 1116 2235 leviter.

266 2286 314 2294 -
337 2264 418 2300 208.
446 2262 520 2298 lin.
549 2261 599 2296 8-
630 2270 703 2306 pro
730 2258 962 2294 Mutentens
989 2256 1017 2292 1.
1042 2255 1220 2292 Mutens.

268 2343 315 2352 --
336 2323 418 2359 216.
444 2321 520 2358 lin.
536 2321 558 2356 3
588 2329 609 2354 a
635 2317 713 2354 fine
729 2344 739 2358 ‚
771 2326 842 2361 pro
863 2314 1073 2360 sylvessris
1099 2313 1126 2349 1.
1149 2308 1374 2357 sytvestris.
1488 2331 1507 2345 ,

269 2401 316 2409 ·-
340 2380 420 2417 229.
449 2379 521 2415 lin.
547 2376 593 2414 15
620 2384 648 2414 t.
674 2373 746 2416 447
772 2374 871 2409 adde
896 2373 1034 2418 sigm?

271 2459 317 2468 —-
338 2439 417 2476 236.
445 2437 518 2473 lin.
538 2435 561 2473 7
588 2447 610 2472 a
636 2435 713 2471 fine
729 2458 740 2475 ‚
769 2442 841 2477 pro
866 2432 912 2468 U.
937 2440 1043 2466 nana
1075 2426 1254 2466 Gleditsch
1284 2433 1387 2470 pone
1407 2422 1454 2459 U.
1472 2416 1628 2469 pumila

633 2491 745 2529 Pallas

273 2578 319 2588 ›—
343 2557 424 2595 241.
457 2555 530 2590 lin.
551 2555 599 2595 8,
627 2563 700 2598 pro
727 2548 970 2586 Gentianam
999 2547 1115 2590 lege:
1148 2541 1362 2580 Gentiana.

276 2635 320 2643 —
343 2635 390 2643 --
426 2613 497 2650 lin.
519 2611 545 2649 4
570 2622 590 2646 a
616 2609 719 2651 fine,
748 2607 836 2644 loco
863 2608 950 2631 ***
975 2603 1058 2641 sint
1089 2604 1153 2640 ”0
