1685 2901
181 160 236 208 10
720 156 1016 203 Tnmnom.

175 285 404 348 oblongae
440 278 582 343 (non
606 291 663 328 ut
687 280 736 326 in
763 280 839 327 illa
877 279 1383 346 ovato-lanceolatae)
1417 287 1575 333 5-7-

181 352 334 413 llorae,
382 348 598 397 flosculis
649 365 826 413 parum
866 347 1177 413 longioribus
1239 351 1576 412 acutioribus,

179 421 315 484 apice
346 419 501 481 magis
528 418 727 481 apertis,
755 417 908 478 Calyx
934 416 1028 463 sub
1047 420 1075 467 5
1097 417 1314 465 nervius.
1343 419 1463 479 (An,
1504 421 1577 467 uti

179 488 282 535 vult
307 487 408 535 Cel.
433 484 590 534 Rchb.
619 486 666 531 in
693 484 826 531 Flor.
856 501 1051 532 excurs.
1082 484 1236 532 hocce
1260 503 1462 549 gramen
1485 486 1576 548 hy-

174 554 379 603 bridum
401 555 464 602 sit
485 571 544 601 ex
563 556 624 600 P.
653 570 953 616 compressa
993 555 1049 600 L.
1073 564 1123 600 et
1152 556 1213 600 P.
1252 558 1454 603 triviali
1499 558 1573 614 L..

177 623 463 686 graviorum
500 622 722 670 virorum
762 619 969 668 arbitrio
1015 621 1405 686 relinquamus.)

246 733 416 794 <Paga
459 729 565 791 78.)
635 730 1082 794 10)E1·agr0scz·s
1134 733 1187 782 L.
1249 730 1576 797 (Eragrostis

184 800 466 865 praeformis
510 797 635 861 Lk.)

243 898 312 949 Ic,
350 893 510 943 Rchb.
542 911 613 957 gr.
643 892 674 940 f.
706 893 850 943 1661.
877 894 1009 941 Nees
1033 893 1161 941 Gen.
1189 893 1300 942 XV.
1332 896 1413 942 12.

243 963 326 1026 (Β.
355 965 588 1021 GAuom,
618 961 726 1008 loco
750 973 848 1010 nat.
884 961 1144 1022 „Basileae“
1186 962 1384 1025 signum
1422 961 1580 1009 inter-

177 1032 451 1095 rogationis
479 1030 737 1094 apposuit,
777 1029 892 1076 licet
918 1031 1178 1076 HALLERUS
1206 1030 1253 1075 in
1278 1030 1405 1079 Hist.
1434 1030 1577 1093 stirp.

178 1116 225 1163 p.
255 1100 367 1148 219.
405 1098 616 1159 dixerit,
677 1096 1029 1144 Lachenalium
1081 1113 1179 1146 var.
1223 1098 1497 1160 „majorem
1533 1108 1582 1142 et

177 1167 433 1214 altiorem‘*
476 1166 670 1212 numeri
707 1166 781 1211 sui
825 1163 953 1212 1450
1012 1163 1095 1225 (ad
1121 1167 1180 1213 P.
1208 1167 1497 1225 Eragrosc.
1529 1165 1582 1213 L.

179 1235 412 1282 nimirum
429 1230 770 1297 spectantem)
792 1232 995 1279 Basileae
1020 1232 1195 1295 legisse
1222 1229 1283 1277 ad
1305 1248 1450 1296 sepes
1469 1242 1582 1280 etc..

179 1304 292 1353 Var.
343 1302 635 1362 „minorem
665 1300 689 1326 ‘⁴
729 1298 957 1363 ejusdem
998 1299 1222 1359 numeri,
1272 1317 1384 1364 quae
1424 1298 1487 1348 ad
1513 1302 1576 1346 P.

173 1372 404 1431 pilosam
427 1371 481 1415 1..
508 1369 746 1432 pertinet,
770 1365 904 1414 idem
925 1380 1073 1415 autor
1092 1384 1250 1432 prope
1282 1370 1581 1417 Villeneuve

178 1449 490 1484 crescentem
527 1435 739 1496 indicat,
780 1436 1074 1500 neutiquam
1098 1436 1322 1483 Basileae.
1362 1436 1489 1482 Hinc
1533 1435 1584 1482 li-

179 1517 319 1571 quet,
347 1504 638 1553 Gaudinum
666 1507 723 1550 P.
747 1506 997 1566 pilosam,
1025 1515 1260 1569 respectu
1291 1503 1382 1550 loci
1409 1503 1581 1551 natalis

175 1574 488 1634 basileensis,
530 1590 647 1620 cum
670 1575 732 1621 P.
762 1573 1121 1634 Eragroscide
1144 1580 1496 1619 commutasse.
1517 1601 1581 1608 -

180 1645 243 1692 P,
263 1645 439 1704 pilosa
463 1643 515 1687 1..
550 1657 711 1704 nuper
739 1651 903 1686 tamen
929 1640 1231 1688 Muhlhusiae
1261 1638 1460 1688 detecta
1488 1651 1578 1687 est.

182 1708 336 1769 (Vide
369 1708 595 1772 proxime
633 1707 803 1767 infra.)

250 1804 403 1864 (Pag.
432 1802 546 1864 78.)
580 1803 706 1848 Post
741 1803 796 1848 P.
836 1802 1126 1861 Eragrost.
1165 1800 1221 1845 L.
1266 1811 1508 1864 ponatur:

250 1895 369 1960 10'5‘)
403 1899 581 1959 pilosa
614 1897 704 1954 L.;
745 1894 988 1959 paniculae
1036 1896 1182 1942 ramis
1221 1895 1400 1942 infimis
1427 1895 1574 1942 semi-

181 1965 484 2013 verticillatis
523 1964 778 2029 quaternis
816 1964 1076 2028 quinisve,
1118 1961 1417 2026 pedunculis
1439 1979 1582 2010 erec—

183 2036 275 2096 tis,
327 2032 526 2098 spiculis
569 2030 838 2078 linearibus
891 2033 917 2077 5
944 2062 1009 2069 -—
1034 2030 1204 2079 9lloris
1251 2031 1583 2096 compressis,

184 2101 391 2149 (loribus
421 2099 739 2147 acutiusculis
779 2116 932 2146 nervo
959 2098 1148 2146 laterali
1185 2097 1414 2146 obsoleto
1451 2115 1584 2164 prae-

185 2169 331 2231 ditis,
385 2168 570 2230 vaginis
617 2184 702 2214 ora
747 2165 967 2214 barbatis
986 2201 998 2225 ‚
1059 2165 1227 2214 radice
1268 2166 1479 2213 [ibrosa.
1572 2208 1580 2216 .

184 2237 309 2287 Hall.
355 2235 499 2291 1450.
542 2235 662 2296 (var.
690 2235 827 2299 prior
851 2234 1102 2298 minima.)
1127 2266 1188 2275 -
1212 2234 1499 2299 Eragrostis
1522 2234 1577 2281 P.

187 2305 249 2352 de
287 2306 466 2352 Beauv.
508 2302 651 2351 Rchb
714 2321 788 2366 gr.
828 2302 859 2350 f.
904 2304 1048 2351 1659.

254 2372 601 2435 Distinguitur
644 2371 818 2418 culmis
856 2370 1158 2434 plerumque
1206 2366 1583 2416 demissioribus

185 2443 318 2488 2-5
338 2438 613 2487 uncialibus
638 2437 1002 2501 gracilioribus,
1027 2437 1154 2485 foliis
1181 2435 1555 2498 angustioribus
1572 2471 1583 2493 ,

189 2507 296 2572 pilis
315 2506 376 2554 ad
398 2525 536 2555 oram
558 2507 743 2570 vaginae
767 2506 1081 2568 fasciculatis,
1119 2504 1344 2569 panicula
1367 2502 1586 2552 florifera

187 2576 541 2636 contractiore,
569 2574 817 2622 verticillis
835 2573 1285 2633 numerosioribuS,
1321 2571 1586 2636 peduncu-

185 2643 247 2690 lis
270 2643 568 2692 tenuissimis
596 2643 803 2705 erectis,
850 2643 1026 2691 infimis
1043 2640 1332 2706 basipilosis
1349 2675 1363 2703 ,
1388 2638 1588 2706 spiculis
