1685 2901
210 192 302 244 154
767 189 1056 237 Svfficenesm.

280 319 372 354 Loc.
391 315 625 352 nat-adde:
654 314 785 361 Prope
801 313 1056 360 patibulum.
1088 312 1150 348 Ad
1173 312 1281 346 viam
1302 321 1325 347 a
1351 311 1400 346 D.
1436 313 1588 349 Jacobo

206 393 347 420 versus
372 381 641 429 Briiylt‘nyen
670 379 889 416 ducentem
914 378 1011 414 sutis
1033 376 1244 423 frequens.
1277 376 1359 413 Am
1378 377 1517 413 Cana!
1531 377 1594 413 bei

205 450 451 494 Huninyen.
491 445 559 493 (ln
595 445 774 492 Argovia
815 442 1007 479 inferiori
1039 441 1140 479 inde
1181 451 1204 477 a
1244 439 1503 477 Rhenofelda
1539 442 1588 478 ad

205 512 539 557 Laufenburgum
569 519 699 556 usquc
715 518 885 552 vacans,
914 508 959 544 in
987 507 1196 555 superiori
1213 505 1422 550 abundat,
1451 510 1480 541 t.
1501 506 1587 542 Par.

204 575 422 624 Μϋιιειι.)

271 661 438 725 (Pag.
462 658 612 724 277.)
647 658 704 721 3)
738 670 912 709 setosa
949 660 1107 708 Ham„
1146 657 1210 706 fil.

270 746 468 793 Praeter
486 741 798 790 characteres
826 740 967 789 datos
989 757 1013 787 a
1040 742 1095 790 C.
1123 742 1318 788 virenti
1342 738 1398 786 L.
1430 735 1590 785 disce·

207 811 279 861 dit
303 810 497 860 adhuc:
531 810 761 859 Floribus
806 826 984 875 parum
1010 807 1283 873 majoribus
1319 803 1591 871 pallidiori-

204 879 299 929 bus
324 880 531 941 citrinis‚
571 876 810 926 anthodio
836 889 950 944 post
975 875 1408 924 deflorescentiam
1438 874 1589 937 magis

203 949 434 1013 elongato
499 959 783 995 antrorsum
855 945 934 992 vix
994 954 1253 992 contracto
1309 940 1588 1007 phyllisque

204 1017 422 1065 externis
465 1016 671 1081 patulis,
709 1031 824 1080 quae
861 1013 910 1060 in
942 1012 1020 1059 illa
1054 1010 1280 1077 perfecte
1307 1011 1588 1059 connivent.

289 1098 459 1146 Variat
516 1112 819 1161 magnopere
873 1090 1247 1157 magnitudine,
1311 1090 1450 1137 caule
1515 1089 1587 1137 vel

201 1165 409 1231 simplici
441 1164 516 1212 vel
557 1180 785 1221 ram050,
845 1160 971 1208 foliis
1022 1160 1097 1208 vel
1139 1159 1345 1223 integris
1390 1158 1463 1205 vel
1511 1174 1588 1204 ra-

202 1232 442 1281 dicalibus
476 1231 583 1278 basi
619 1225 908 1277 runcinatis.

275 1322 371 1356 Loc.
404 1330 446 1354 n.
473 1318 599 1354 adde:
629 1316 781 1363 stirps,
817 1325 930 1352 anno
959 1312 1059 1349 1766
1088 1312 1273 1358 primum
1292 1321 1318 1348 a
1342 1311 1590 1348 Lacflmuw

199 1386 253 1423 ad
286 1385 399 1421 viam
438 1384 761 1419 Grenmcensem
798 1380 979 1422 detecta,
1024 1378 1152 1415 hodie
1187 1376 1273 1415 fere
1310 1376 1467 1422 ubique
1493 1376 1594 1413 locis

199 1449 387 1488 herbidis
405 1449 617 1495 divulgata
635 1447 865 1493 reperitur,
892 1444 1116 1492 quotannis
1131 1446 1271 1479 tamen
1303 1441 1395 1477 loca
1411 1445 1587 1477 mutans.

198 1519 296 1554 Sine
331 1515 461 1553 dubio
497 1524 590 1550 cum
631 1512 871 1560 graminum
906 1507 1225 1557 pabulariorum
1258 1505 1489 1543 seminibus
1521 1516 1590 1541 ex-

197 1582 296 1620 teris
325 1581 510 1628 primum
541 1579 717 1614 invecta.
747 1579 1023 1623 Frequentem
1056 1572 1180 1611 etiam
1207 1572 1426 1608 observant
1452 1568 1591 1606 Miihl-

198 1647 345 1684 husiae.
375 1664 425 1672 —
443 1642 701 1689 Exemplaria
729 1641 829 1689 pilis
855 1639 1046 1685 undique
1078 1637 1210 1684 magis
1234 1635 1418 1683 strigosis
1432 1635 1589 1671 obsessa

197 1710 299 1758 legit
329 1708 371 1744 b.
401 1707 560 1742 amicus
586 1704 761 1740 Minu-‚a
787 1714 917 1750 prope
950 1702 1133 1748 Olsbery.
1165 1699 1252 1748 (An
1276 1701 1318 1736 C.
1346 1698 1510 1744 hispida
1523 1699 1585 1733 W.

201 1780 241 1811 et
271 1772 358 1809 Kit.
386 1774 417 1806 t.
444 1767 574 1816 ΑΒΔ)

266 1857 436 1918 (Pag.
465 1856 558 1901 278
583 1864 633 1900 et
658 1845 792 1915 528.)
829 1849 958 1915 App.
1000 1848 1110 1901 Vol.
1139 1849 1203 1901 11.

269 1937 330 2002 5)
367 1946 619 1983 tectorum
665 1935 718 1983 L.

265 2023 310 2052 α.
351 2003 505 2053 Caule
540 2000 748 2066 simplici
794 1998 1076 2064 graciliore,
1126 1997 1254 2044 foliis
1288 1994 1584 2045 radicalibus

203 2069 734 2136 oblongo-lanceolatis
769 2068 817 2115 in
855 2067 1058 2130 longum
1102 2065 1345 2131 petiolum
1386 2076 1586 2113 attenu—

202 2144 290 2191 atis
331 2139 581 2198 dentatis,
630 2135 833 2184 caulinis
879 2132 1182 2194 linearibus,
1225 2131 1467 2199 paniculae
1507 2149 1586 2179 ra·-

201 2212 291 2258 mis
314 2207 610 2257 divaricatis.
651 2204 706 2253 C.
731 2201 1009 2250 Lachenalii
1037 2200 1257 2250 Goschn.
1288 2200 1419 2248 Diss.
1445 2200 1582 2248 Cich.

203 2292 238 2328 t.
273 2283 317 2326 3.
360 2276 415 2325 C.
459 2286 711 2322 tectorum
760 2285 792 2317 ε.
830 2269 1109 2318 Lachenalii
1155 2266 1317 2318 Gaud.
1379 2268 1437 2316 C.
1479 2279 1585 2316 tec-

203 2358 370 2394 torum
388 2342 433 2391 Β.
458 2354 509 2390 et
530 2358 575 2390 γ.
604 2340 713 2389 DC.
735 2339 818 2387 Pr.
844 2336 1015 2399 (Labr.
1040 2337 1158 2389 fasc.
1177 2339 1257 2389 73.
1285 2352 1312 2383 a
1329 2333 1380 2384 b.
1402 2335 1579 2400 Heget.

201 2412 298 2460 hue
340 2410 423 2459 cit.
456 2407 518 2458 ad
554 2409 609 2458 C.
635 2411 889 2457 virentem
911 2405 1155 2472 spectat.)

268 2486 312 2535 Β,
333 2478 484 2527 Foliis
503 2474 658 2526 radic.
685 2471 1210 2534 runcinam-dentatis,
1248 2470 1386 2519 caule
1420 2484 1582 2518 ramo·

203 2548 367 2606 siore,
422 2545 569 2593 ramis
609 2554 777 2592 erecto
807 2540 1112 2606 patentibus.
1156 2540 1210 2591 C.
1247 2550 1495 2589 tectorum
1535 2552 1573 2585 ε,

205 2612 366 2665 Gaud.
396 2613 453 2662 C.
482 2610 725 2661 ruderalis
752 2608 921 2661 Wallr.
