1685 2901
653 149 945 199 Svfloemzsm.
1401 146 1457 192 17
1468 145 1493 192 7

97 282 225 331 Hinc
256 279 499 330 strictiori
539 293 689 326 sensu
730 279 896 327 caulis
943 271 1285 336 scapisormis
1331 269 1495 331 adest,

98 368 189 399 nec
225 367 346 399 vero
381 344 632 412 scapua)

197 464 377 529 (Pag.
420 460 582 523 335.)
653 460 1089 510 CHRYSANTHEMUM
1169 459 1495 507 Leucanche-

100 553 239 585 mum
291 536 352 586 L.

166 615 315 678 (Noli
369 610 685 663 confundere
742 626 844 658 var.
882 614 942 661 ιΒ.
1007 618 1319 658 montanum
1365 620 1500 652 -cum

102 687 227 733 Chr.
264 694 518 732 montano
569 683 626 731 L.
666 678 815 744 longe
866 677 1065 739 alienO,
1126 678 1176 724 in
1223 677 1292 725 M.
1329 675 1500 736 *Spem*

99 763 214 801 caco
257 751 422 800 obvio.
464 749 542 802 Cf.
579 746 741 800 Rchb.
786 746 1064 798 F1.exsicc.
1107 746 1193 794 ΝΟ.
1223 745 1394 805 1905.)

166 856 329 918 (Pag.
355 851 494 914 336.)
533 851 840 900 Pmmumm
875 850 1233 899 Parthenium
1271 848 1362 900 SM.

197 944 295 979 Loc.
322 944 409 978 nat.
436 939 556 975 adde:
589 941 801 985 Frequens
826 938 872 974 in
899 939 1021 989 sylva
1047 948 1178 984 prope
1205 934 1473 981 Farnsburq.

167 1026 335 1091 (Pag.
358 1023 496 1087 337.)
541 1020 593 1089 3)
633 1026 919 1074 inodorum
956 1024 1047 1075 SM.

166 1109 273 1171 (Ic,
305 1106 525 1156 Labram
560 1106 680 1160 fasc.
716 1108 799 1158 37.
843 1122 946 1154 non
984 1104 1106 1166 huc,
1146 1101 1240 1154 sed
1280 1099 1345 1151 ad
1397 1102 1504 1149 An-

100 1180 255 1226 them.
289 1178 540 1227 Cotulam
576 1177 639 1227 L.
677 1172 950 1241 pertinet.)

199 1267 294 1301 Loc.
323 1275 369 1299 n.
397 1263 526 1299 adde:
566 1264 677 1298 Inter
708 1266 866 1308 segetes
897 1262 944 1297 in
978 1261 1055 1296 der
1087 1260 1288 1296 Rosenazi
1325 1257 1502 1303 copiose.

100 1332 143 1364 ln
175 1331 279 1366 urbe
308 1329 361 1365 ad
392 1339 538 1364 muros
567 1338 606 1361 v.
634 1337 697 1373 gr.
721 1327 780 1362 im
807 1325 966 1363 Unlceli.
1000 1325 1136 1370 Prope
1165 1322 1404 1360 Millelzeim.

169 1415 337 1479 (Pag.
363 1414 504 1476 339.)
544 1414 803 1464 Amimims
833 1414 1066 1476 agrestis
1092 1411 1298 1462 WALm.

168 1497 484 1549 Observante
526 1497 718 1545 Kocfflo
778 1494 856 1555 (in
897 1495 1069 1542 Flora
1112 1489 1259 1541 1842.
1308 1490 1395 1541 No.
1423 1488 1503 1539 46„

100 1584 150 1632 p.
170 1567 288 1622 721.
310 1566 329 1628 )
371 1565 479 1613 haec
496 1564 664 1629 planta
682 1561 991 1611 modificatio
1006 1572 1082 1610 est
1099 1562 1166 1610 A.
1186 1563 1428 1611 arvensis
1447 1560 1502 1608 L.

104 1633 320 1683 aeheniis
356 1634 514 1699 magis
554 1631 814 1698 perfectis.

169 1735 345 1799 (Pag.
374 1733 524 1796 341.)
560 1733 812 1784 AcmLLEA
852 1732 1046 1781 nobilis
1085 1733 1146 1780 L.

165 1820 237 1870 Ic.
278 1815 436 1865 adde:
473 1815 622 1864 Labr.
660 1815 780 1867 fasc,
817 1817 928 1867 133.

168 1904 212 2015 Ξ.
236 1916 478 2015 lmagnaj
510 1902 537 1947 3
562 1896 754 1963 pedalis
777 1908 827 1945 et
847 1896 981 1945 ultra
1024 1893 1268 1958 corymbo
1293 1893 1506 1941 maximo

102 1985 163 2033 pe
206 1983 229 2014 a
253 1984 284 2017 1.

203 2056 300 2090 Loc.
327 2064 373 2089 n.
398 2043 444 2092 β.
474 2054 607 2101 Prope
637 2053 732 2090 dem
766 2053 967 2099 Neumeq.

173 2128 272 2188 (A.
300 2135 562 2175 setaceam
588 2129 645 2174 L.
669 2143 832 2193 prope
858 2135 1045 2173 novum
1066 2121 1344 2185 Brisacum,
1370 2121 1509 2171 haud

104 2198 251 2260 longe
286 2193 418 2243 ultra
455 2194 618 2243 Florae
651 2194 756 2243 bas.
779 2210 976 2260 agrum,
1023 2191 1293 2257 provenire
1332 2191 1510 2240 asserit

104 2266 332 2314 Kinscm..
386 2266 435 2311 in
463 2261 743 2329 prodromo
781 2280 829 2329 p.
853 2261 972 2323 60.)

171 2367 338 2429 (Pag.
365 2362 510 2427 342.)
546 2367 919 2415 Burni-immuni
944 2363 1290 2425 salicifolc‘um
1310 2362 1372 2411 L.

170 2455 216 2502 Β,
255 2448 660 2511 grandtflorum
677 2466 700 2508 5
750 2449 804 2497 B.
829 2443 1193 2512 grandissorum
1217 2445 1276 2496 L.

170 2529 208 2579 ὃ.
247 2540 733 2594 acropurpureum5
770 2529 908 2578 caule
935 2539 1344 2594 atropurpureo.,
1383 2521 1508 2573 soliis

104 2609 324 2649 saturate
370 2597 610 2650 viridibus
647 2615 873 2667 purpura
908 2595 1101 2647 tinctis.
