1685 2901
159 116 241 166 296
703 114 1034 158 SYNGENESIA

249 228 294 264 In
324 225 450 272 pratis
482 224 752 261 Michelfeldae
781 234 819 262 et
847 224 948 261 infra
974 222 1141 268 Neudorf.
1186 225 1312 269 Prope
1341 225 1550 261 Delemon.

163 285 276 321 tium.
303 283 382 324 Jul.
403 284 501 327 Aug.
527 280 585 329 21..

226 356 286 416 7)
325 360 506 418 rigens
534 357 695 404 GAUD.
719 375 732 416 3
782 355 909 402 foliis
936 353 1185 401 sessilibus
1214 353 1513 419 pinnatilidis
1536 390 1559 414 ‚.

157 423 378 486 margine
410 424 650 486 spinosis,
687 422 870 468 laciniis
901 422 1307 480 inciso-serratis,
1345 420 1560 468 (loribus-

160 490 516 550 subsolitariis,
567 489 789 536 breviter
830 488 1127 548 bractealis,
1182 488 1357 551 phyllis
1398 487 1559 534 ovatis

165 556 412 621 adpressis
435 591 447 602 .
473 591 517 603 ..
566 558 629 606 H.
666 555 776 604 176.
819 552 1047 615 (exclus.
1083 556 1135 600 L.
1175 552 1320 614 syn.)
1370 553 1553 599 Cnicus

161 625 328 686 rigens
348 624 426 671 W.
452 623 641 669 HEGET.
672 623 761 669 Cn.
790 620 1070 666 Laehenalii
1102 621 1199 667 GM.
1234 621 1360 667 Cirs.
1383 631 1565 666 tartar„

162 691 273 736 DC.
310 687 456 736 Card.
503 699 671 735 tartar.
703 689 818 735 SUT.
865 686 997 747 (nee
1031 685 1217 747 JACQ.)
1254 685 1403 732 Lach.
1442 686 1554 733 Act.

161 759 223 803 H.
262 757 343 802 IV.
380 767 414 802 t.
446 755 522 801 16.
565 754 724 815 (solia
757 754 899 800 nimis
931 764 1106 816 argute
1143 750 1403 812 dentata.)

230 827 275 873 [3.
313 822 460 869 Flore
495 837 753 884 purpureo
790 819 1123 866 subsoliiario.

230 889 393 934 Facile
438 905 463 933 a
503 903 606 951 seq.
659 885 1049 933 discernendum
1110 884 1246 931 caule
1299 882 1564 930 humiliore

167 953 404 1017 rigidiore
427 970 622 1002 ramoso
641 988 654 1014 ,
693 952 819 998 foliis
846 948 1453 1014 semi-amplexicaulibus,
1485 948 1563 994 vix

166 1020 450 1068 auricularis
492 1019 632 1082 (non
670 1015 1341 1081 cordato—amplexicaulibus
1358 1014 1406 1077 ),
1441 1030 1566 1078 pro-

171 1087 327 1135 funde
369 1085 708 1151 pinnatifidis,
745 1085 928 1132 laciniis
966 1082 1340 1141 semi-trilobi53
1399 1080 1564 1128 nervis

172 1153 349 1200 subtus
373 1152 813 1212 eminentioribus,
851 1151 1074 1213 margine
1096 1148 1248 1209 magis
1278 1146 1572 1210 spinulosisr

169 1220 385 1267 bracteis
415 1217 534 1279 3-4·‚
563 1216 934 1279 angustioribus
954 1250 966 1274 ‚
994 1214 1264 1261 linearibus
1295 1212 1426 1273 (non
1445 1227 1567 1258 con-

175 1285 344 1347 cavis)
390 1297 440 1331 et
469 1285 684 1348 capitulo
717 1299 847 1346 saepe
891 1282 1109 1329 solitario
1141 1279 1359 1341 majore,
1396 1289 1568 1325 ovato-

175 1352 393 1415 oblongo
433 1350 677 1411 odorato,
713 1349 818 1396 basi
853 1348 943 1395 filis
978 1345 1319 1394 arachnoideis
1354 1346 1570 1392 circum-

174 1431 344 1478 texto,
384 1417 606 1481 apicibus
634 1416 921 1481 phyllorum
940 1411 1405 1478 patenti-recurviS,
1440 1411 1571 1458 inte-

174 1484 392 1532 rioribus
425 1485 561 1549 apice
592 1481 1092 1548 purpurascentibus.

270 1569 394 1613 Prope
422 1569 500 1603 dem
526 1569 728 1605 Scheinzlein
752 1568 791 1603 in
820 1567 992 1602 dumetis
1019 1566 1118 1601 Lac
1137 1568 1192 1605 ης
1221 1562 1260 1598 ἰη
1288 1572 1449 1599 nemore
1473 1561 1574 1606 Wy-

179 1627 279 1662 lensi
308 1635 347 1663 et
371 1637 494 1670 prope
511 1628 759 1671 „Angemteins
786 1635 903 1668 porro
930 1633 1054 1668 prope
1081 1623 1239 1667 Olsberg,
1266 1619 1338 1666 auf
1355 1621 1416 1656 der
1440 1621 1574 1657 Mahli-

178 1698 236 1720 ner
263 1686 358 1718 Hblae
383 1694 517 1719 versus
534 1680 824 1728 Nieclermumpf3
863 1681 969 1717 inter
992 1679 1227 1725 Wallenburg
1261 1686 1301 1714 et
1323 1676 1575 1724 Langenbruck

181 1745 230 1778 ad
258 1743 437 1778 dextram
471 1741 541 1776 viae
569 1750 732 1784 maguae.
777 1740 823 1774 In
856 1739 914 1777 M.
942 1736 1154 1783 Dictisberg.
1196 1737 1307 1772 Inter
1337 1735 1510 1770 Ramsach
1535 1742 1575 1770 et

180 1799 328 1836 „Abrach
343 1826 353 1840 .
384 1799 425 1834 in
451 1798 608 1843 sylvula
623 1824 634 1840 ‚
660 1808 732 1842 per
753 1807 872 1841 quam
895 1796 1002 1832 ducit
1027 1796 1183 1831 semita.
1208 1791 1307 1838 „Auf
1320 1793 1400 1829 dem
1417 1793 1578 1828 Metten-

181 1860 271 1902 berg.
300 1859 343 1894 ln
370 1857 427 1893 M.
449 1854 650 1900 Farnsburg.
680 1855 808 1898 Prope
830 1854 909 1888 clem
928 1852 1138 1888 Brezmeiler
1158 1849 1364 1896 Bergmerk.
1388 1845 1486 1893 „Auf
1496 1848 1576 1884 dem

184 1916 344 1951 Bilstein.
389 1915 436 1950 In
463 1915 518 1950 M.
555 1910 785 1956 Wasserfall.
812 1911 938 1954 Prope
963 1909 1099 1946 Liitzel.
1145 1906 1188 1953 β.
1213 1905 1482 1944 Michelfeldae
1507 1916 1577 1941 nus

184 1973 357 2019 perrime
376 1970 662 2015 botanophilus
689 1970 716 2004 F
732 1968 774 2005 is
789 1980 808 2004 c
826 1969 849 2003 h
865 1979 883 2004 e
899 1979 917 2003 r
944 1968 1100 2003 Pharm.
1116 1966 1268 2003 Cultor.
1297 1965 1363 2007 Jul
1383 1965 1499 2008 .Aug.
1515 1960 1574 2009 η.

256 2045 516 2106 (LAcuEN.
557 2044 604 2090 issn
650 2044 760 2091 Act.
810 2040 936 2087 helv.
977 2042 1059 2089 IV.
1106 2057 1153 2103 p.
1200 2036 1314 2087 294.
1359 2037 1589 2102 plantam>

188 2114 487 2161 rarissimam
520 2109 740 2173 putavit,
790 2107 880 2154 sed
913 2107 976 2154 ob
1018 2104 1390 2153 similitudinem
1426 2119 1580 2166 quan.-

193 2180 307 2227 dam
341 2195 454 2226 cum
493 2180 726 2223 oleraceo
760 2175 925 2237 potius
956 2185 1097 2220 antea
1132 2172 1358 2234 neglecta
1388 2168 1583 2216 fuit.—

190 2247 398 2310 Absque
414 2244 519 2291 fere
536 2241 688 2289 dubio
702 2239 912 2302 hybrida
926 2241 1115 2304 species
1132 2256 1189 2284 ex
1209 2240 1338 2285 Cc‘rs.
1348 2238 1581 2283 oleraceo

195 2325 244 2360 et
272 2315 446 2360 acauli
471 2310 762 2360 [3.—-Haecce
780 2323 875 2353 var.
893 2306 1162 2370 posterior,
1180 2303 1299 2350 dum
1320 2318 1483 2349 ramos
1505 2299 1583 2347 so-

193 2379 342 2426 liosos
363 2377 466 2424 edit
482 2412 495 2437 ‚
531 2374 593 2423 ad
609 2380 653 2426 [3.
674 2377 896 2436 rigentis
917 2371 1124 2419 accedit,
1164 2372 1456 2419 Occurrunt
1478 2366 1584 2414 for-

195 2461 290 2494 mae
316 2443 523 2492 floribus
553 2441 900 2503 ochroleucis,
918 2440 1054 2505 apice
1081 2432 1580 2505 purpurascentibuS.
