1685 2901
237 170 298 214 50
765 168 1107 217 Pan-rmum.

233 304 332 339 nat
371 292 447 339 St.
474 295 721 340 Maurice
753 291 802 341 in
841 292 1037 342 Rhaetia
1070 311 1096 341 a
1133 291 1184 340 b.
1217 293 1543 343 HEGE'rscnw.
1579 295 1628 342 in

230 360 303 407 F.1
340 358 466 410 helv.
495 359 762 423 allegatus,
821 360 883 408 ad
927 363 989 411 G
1026 365 1390 425 germanicam
1426 365 1504 416 W.
1546 380 1629 410 re-

229 425 488 556 feiendssis.
534 427 650 490 (Cf.
690 431 905 478 Momm
953 433 1062 490 Pfl.
1101 448 1205 479 von
1246 431 1626 479 Θναιιόἁηιίιεη

226 513 257 559 p
291 568 338 614 Β.
378 563 531 611 Caule
585 563 816 629 elongato
864 563 1106 629 simplici,
1167 562 1467 612 internodiis
1516 565 1626 612 lon-

227 630 483 693 gioribus,
544 631 673 680 foliis
733 631 1110 680 obtusiusculis.
1190 633 1251 681 G.
1300 631 1622 681 Chloraefolia

223 699 437 747 Kirschl.
489 699 609 761 (non
635 700 842 762 Neesii).
889 699 992 748 Sed
1014 700 1078 748 cf.
1111 700 1323 750 Kirschl.
1349 702 1503 766 ipsius
1530 717 1623 748 no-

223 780 322 815 tam
353 769 401 815 in
438 785 553 833 app.
588 769 660 820 Fl.
697 769 781 816 als.
828 786 873 833 p.
912 767 1027 817 224.

296 857 389 890 Loc.
419 866 461 890 n.
490 853 534 898 β.
568 857 615 890 In
647 857 888 902 regionibus
917 857 1110 893 calcareis
1145 857 1253 893 inter
1275 869 1320 896 ot·
1354 866 1439 891 non
1463 864 1569 891 rara.

287 938 452 1005 (Pag.
478 940 616 997 242.)
645 942 707 1007 9)
747 946 928 992 ciliata
954 944 1015 991 L.

296 1033 386 1066 Loc.
416 1042 458 1066 n.
489 1031 634 1067 addas:
666 1033 798 1078 Prope
821 1032 1021 1067 Batia—en.
1058 1032 1186 1074 Prope
1213 1031 1464 1076 Brilzinyen
1484 1031 1576 1065 bad.

306 1425 1489 1500 UMBELLIFERAE.

283 1572 500 1638 (Quum
555 1574 706 1639 hujus
755 1574 950 1622 familiae
1000 1572 1252 1639 diagnosis
1307 1576 1539 1638 generica
1588 1596 1612 1624 e

207 1642 367 1689 forma
417 1642 613 1690 fructus
668 1643 893 1707 inprimis
948 1641 1286 1705 desumatur,
1332 1656 1612 1692 caracteres

205 1709 354 1773 hujus
394 1712 441 1756 in
491 1714 782 1758 memoriam
842 1727 1078 1759 revocare
1116 1708 1250 1756 haud
1292 1710 1378 1757 abs
1436 1728 1490 1758 re
1539 1712 1609 1758 vi-

205 1775 372 1825 detur.

269 1846 489 1891 Fructus
537 1840 984 1889 Umbelliserarum
1040 1859 1065 1888 e
1121 1840 1354 1907 carpidiis
1405 1843 1608 1893 duobus

203 1911 483 1974 (utriculiS,
506 1910 834 1974 mericarpiis)
879 1909 1001 1956 facie
1039 1911 1235 1957 interna
1259 1911 1484 1975 apprime
1511 1912 1606 1960 sibi

201 1982 439 2044 appositis
467 1977 862 2040 (commissura).
892 1979 1053 2024 rarius
1086 1979 1356 2041 concretis,
1397 1982 1603 2028 maturis

201 2049 339 2112 apice
378 2048 455 2095 axi
488 2046 692 2093 centrali
730 2044 1143 2111 (carpopodiis)
1180 2048 1436 2111 suspensis
1478 2065 1604 2096 con-

199 2128 350 2164 stant.
372 2114 669 2178 Mericarpia
700 2117 720 2160 1
745 2130 962 2178 sperma,
1001 2125 1209 2161 externe
1235 2116 1386 2162 costis
1410 2114 1599 2179 (jugis)

202 2189 228 2231 5
255 2184 535 2248 primariis,
583 2180 1062 2246 longitudinalibus,
1104 2179 1211 2248 (vel
1254 2181 1599 2244 filisormibus,

201 2252 275 2299 vel
320 2249 689 2310 alaeformibuS,
748 2250 821 2296 vel
871 2252 1085 2297 cristatis
1154 2248 1227 2296 vel
1294 2250 1595 2314 muricatis)

194 2318 569 2383 perducuntur,
606 2317 872 2366 interstitia
887 2316 1186 2395 ·(vallecula)
1207 2318 1339 2365 inter
1366 2335 1418 2366 se
1444 2318 1597 2366 relin—

197 2388 434 2452 quentia,
494 2388 595 2434 sive
635 2383 804 2449 nuda,
859 2386 960 2433 sive
997 2384 1171 2433 itidem
1223 2386 1375 2433 costis
1420 2385 1592 2451 (jugis

195 2453 541 2518 secundariis)
581 2453 796 2502 obtecta.
836 2451 1102 2501 Interdum
1138 2453 1330 2500 canales
1377 2453 1590 2517 (vittae)

194 2520 410 2585 adsunt,
476 2523 524 2571 in
575 2521 960 2588 parenchymate
1000 2520 1095 2569 sub
1144 2519 1429 2586 pericardio
1471 2537 1589 2586 per-

191 2603 484 2653 cuirentes,
524 2590 732 2655 gummi·
713 2592 901 2638 -resina
939 2588 1203 2638 aromatica
1244 2585 1474 2654 repleti.)
