1685 2901
588 214 924 262 POLYANnmA.
1394 216 1456 264 99

52 334 278 402 undique
323 338 515 404 papulis
565 338 805 388 viridibus
856 340 964 405 (pl.
1017 342 1455 407 cryptogamica?)

52 405 311 471 eleganter
350 410 648 473 conspersis.

117 489 232 536 Var.
270 489 315 538 9.
366 495 746 555 eryantlzemaj
792 489 1003 539 floribus
1044 503 1251 541 externe
1294 504 1345 541 et
1381 495 1459 541 in-

48 567 193 605 terne
212 558 407 606 intense
445 558 630 610 rubris,

126 645 220 681 Loc.
240 656 283 680 n.
317 647 356 693 8)
375 648 481 685 Ante
498 653 658 693 portam
675 647 905 683 Riehanam
925 648 1108 683 LABRAM.
1141 648 1183 694 9)
1202 650 1264 685 Ad
1285 650 1463 687 Wiesam

52 709 182 746 Idem.

119 794 285 861 (Pag.
314 797 429 862 55.)
466 798 722 849 HEPATch
764 800 959 849 triloba
1002 799 1111 851 DC.

116 880 183 926 Ic.
219 879 381 931 Rchb.
423 880 452 927 l.
497 898 538 930 c,
577 881 610 932 f.
649 881 798 933 4642.

125 969 218 1003 Loc.
255 978 298 1003 n.
328 968 455 1004 adde:
501 970 548 1003 ln
595 969 794 1014 lapidosis
833 970 1047 1005 sterilibus
1083 974 1194 1005 retro
1229 979 1364 1005 arcem
1403 971 1464 1005 di-

48 1036 184 1068 rutam
215 1033 475 1070 Blochmont
500 1044 629 1080 prope
661 1035 766 1080 Pfirt
797 1035 951 1080 passim
979 1034 1146 1071 abunde
1171 1035 1230 1070 cl.
1259 1035 1434 1070 Ructat.

116 1117 283 1182 (Pag.
313 1118 424 1181 57.)
468 1121 792 1171 THALICTRUM
830 1123 1064 1171 saxatile
1105 1120 1217 1170 DC.

115 1203 475 1267 Supprimatur
508 1201 644 1251 istud
694 1220 880 1252 nomen
918 1203 1130 1270 ejusque
1168 1204 1279 1252 loco
1302 1218 1459 1267 pona-

51 1282 135 1318 tur
160 1289 169 1314 ε

117 1352 445 1399 THAchRUM
481 1355 655 1399 minus
698 1352 756 1400 L.
813 1367 948 1415 spec,

114 1450 159 1483 α,
200 1436 410 1492 viren53
464 1431 601 1478 caule
635 1430 796 1479 nitido
836 1430 1120 1496 foliolisque
1162 1430 1455 1485 virentibus,

52 1499 148 1553 Th,
187 1502 351 1548 minus
373 1503 436 1548 II.
479 1498 642 1551 Gaud.
682 1499 777 1548 Th,
817 1501 981 1548 minus
1009 1500 1191 1563 Heget.

118 1589 159 1631 [3.
202 1584 479 1640 roridum3
533 1582 672 1629 caule
723 1582 964 1646 pruinoso
993 1580 1279 1646 foliolisque
1321 1579 1459 1644 glau-

52 1651 386 1698 cescentibus.
446 1650 542 1698 Th.
603 1651 767 1698 minus
805 1651 841 1702 Ι.
889 1648 1054 1700 Gaud.
1106 1648 1203 1696 Th.
1258 1647 1458 1696 saxatile

51 1720 231 1784 Heget.
293 1720 431 1780 (non
472 1717 619 1781 DC.)

126 1810 219 1843 Loc.
257 1819 300 1843 n.
331 1808 463 1843 adde:
504 1808 551 1841 In
579 1807 757 1842 collibus
784 1806 916 1851 magis
939 1806 1070 1840 humo
1096 1802 1291 1847 obtectis5
1321 1804 1385 1839 uti
1417 1815 1455 1835 v.

50 1882 111 1918 gr.
136 1872 246 1923 itgfra
265 1872 478 1909 ecclesiam
509 1872 755 1919 Tilllz‘nyen.
779 1866 826 1917 β.
859 1871 977 1907 Locis
997 1869 1126 1906 aridis
1147 1869 1360 1905 montanis
1375 1869 1461 1905 cal-

49 1937 178 1973 careis
205 1936 343 1979 Jurae,
373 1935 533 1972 foliolis
562 1937 700 1982 parvis
726 1937 794 1972 vel
822 1935 1000 1984 magnis,
1022 1935 1113 1971 basi
1133 1934 1368 1970 rotundatis
1391 1938 1461 1970 aut

50 2001 261 2044 cuneatis,
284 2002 450 2038 ludens.

121 2072 149 2135 (
167 2073 255 2122 Cel
286 2076 430 2123 Kocn
468 2072 618 2123 flores
655 2086 894 2125 nutantes
929 2072 1036 2122 vult
1059 2082 1236 2120 contra
1264 2069 1457 2121 Gaudi-

53 2159 202 2204 num,
255 2143 342 2208 qui
377 2154 574 2190 erectos
606 2144 749 2208 petit.
810 2142 914 2193 Sed
949 2142 1012 2190 cf.
1049 2152 1220 2189 notam
1250 2142 1302 2188 in
1340 2157 1454 2206 app.

53 2211 125 2259 Fl.
161 2210 264 2258 bas.
300 2211 406 2260 Vol.
442 2211 499 2261 ΙΙ.
535 2229 582 2277 p.
612 2215 725 2265 515.
767 2243 832 2250 —
860 2210 1012 2261 Jdem
1043 2209 1125 2257 ille
1157 2220 1336 2256 auctor
1358 2225 1457 2257 nu-

53 2279 274 2343 perrime
331 2291 530 2344 separat
593 2283 688 2328 Th.
735 2283 967 2330 saxatile
1022 2277 1130 2325 DC.
1184 2278 1234 2324 in
1283 2278 1456 2326 Flora

57 2347 202 2401 1841.
229 2351 306 2397 27.
351 2349 499 2409 427„
543 2347 682 2414 quod
724 2351 898 2414 patriae
943 2347 1118 2395 deesse
1145 2343 1359 2394 videtur.
1391 2376 1456 2387 -
1510 2365 1525 2375 ²

53 2416 217 2464 Porro
262 2417 356 2466 Th.
393 2417 800 2479 angustifolium
832 2419 974 2473 JACQ.
1023 2412 1220 2477 (Rchb.
1266 2413 1295 2460 l.
1331 2431 1371 2461 c.
1416 2413 1455 2461 f.

56 2485 203 2538 4637.
234 2496 284 2532 et
307 2482 455 2535 4657.
479 2484 526 2546 )‚
558 2484 726 2534 forsan
763 2504 824 2535 ex
872 2484 1170 2532 auctoritate
1216 2482 1451 2542 Glanum,

54 2553 257 2601 Basileae
291 2553 447 2599 civem
480 2551 647 2602 affert.
697 2554 800 2602 Sed
838 2551 1046 2602 Bauhini
1085 2567 1229 2616 aeque
1257 2567 1312 2598 ac
1332 2551 1451 2600 Hal-

56 2621 145 2669 leri
172 2622 369 2670 nomina
398 2619 459 2668 ad
501 2623 596 2669 Th.
629 2624 849 2685 galioid.
889 2621 1133 2671 NESTLEm
1164 2635 1342 2683 parum
1384 2631 1453 2667 ta-

1159 2697 1186 2724 ὕ
