1685 2901
590 146 978 196 Τετυυγωωη.
1386 150 1481 200 135

77 287 140 321 na
184 269 400 339 elliptica
440 282 661 322 testacea
692 271 1134 340 alato-marginata
1165 275 1218 324 in
1244 273 1479 325 omnibus

80 339 255 390 formis
298 338 522 403 adsunt5
557 341 608 391 in
646 340 814 409 planta
863 343 996 392 culta
1037 354 1204 392 tamen
1246 343 1335 393 alae
1372 344 1479 393 istae

73 410 391 474 angustiores
428 421 565 460 sunt.
596 411 776 460 —His
824 423 996 460 autem
1043 410 1272 461 nondum
1309 413 1480 479 sequi-

78 491 192 541 tur,
265 479 477 545 stirpem
522 478 820 543 sylvestrem
873 479 1010 546 apud
1065 497 1157 530 nos
1197 497 1315 530 vere
1371 496 1479 530 esse

74 557 422 613 spontaneam,
440 545 532 596 sed
552 564 579 596 e
600 549 856 597 contrario
872 560 1029 615 patet,
1052 549 1273 615 plantam
1295 549 1482 599 cultam

76 615 320 682 temporis
377 632 654 681 progressu
698 617 950 684 simulque
994 618 1104 666 solo
1162 630 1394 680 mutato,
1432 620 1480 667 in

77 695 264 733 statum
304 684 615 750 primitivum
657 683 862 735 tandem
909 702 1017 734 esse
1062 684 1344 740 reductam.

77 784 428 850 (Pag.17o.)
464 786 704 836 Hnsmms
748 789 980 837 inodora
1021 790 1080 842 L.

142 868 214 917 Ic.
249 866 415 917 Rchb.
456 867 490 920 Ι.
526 884 571 915 c.
615 867 653 917 f.
695 867 845 926 4378.
889 868 1044 921 Labr.
1070 869 1191 924 fasc.
1219 875 1332 924 101.

149 956 400 992 Etiamnunc
426 954 564 992 adhuc
580 955 628 992 in
645 966 738 994 arce
766 958 1027 1007 Farnsbury
1039 963 1288 1005 perseverat.
1306 959 1483 1007 (Nomen

73 1022 195 1057 incon
203 1030 375 1068 gruunn
396 1029 496 1057 nam
511 1023 552 1058 et
566 1019 612 1056 in
626 1021 684 1066 pl.
702 1025 930 1068 spontanea
946 1024 1052 1060 odor
1069 1028 1207 1069 gratus
1220 1023 1484 1070 percipitur.)

140 1087 198 1134 ln
246 1097 417 1135 annot.
461 1087 597 1153 App.
639 1086 748 1137 Vol.
797 1087 863 1135 ΙΙ.
905 1105 956 1155 p.
1007 1089 1107 1140 670
1145 1105 1266 1156 pro:
1323 1089 1479 1139 Rana.

76 1152 217 1220 lege:
255 1156 324 1204 Μ.
368 1166 419 1203 et
453 1156 511 1204 K.

143 1255 312 1320 (Pag.
342 1255 490 1321 172.)
530 1257 712 1305 Ananis
749 1258 976 1306 Turrita
1010 1257 1068 1304 L.

143 1337 212 1385 Ic.
256 1335 419 1386 Rchb.
473 1337 503 1389 l.
551 1354 593 1385 c.
642 1336 676 1388 f.
718 1334 869 1389 4345.
922 1336 1077 1392 Labr.
1126 1337 1247 1389 fasc.
1299 1339 1412 1395 134.

149 1425 244 1461 Loc.
268 1435 313 1462 n.
341 1425 544 1462 addatur:
584 1423 649 1460 Ad
679 1434 850 1461 murum
876 1424 1014 1462 Rheni
1048 1427 1148 1464 inde
1184 1438 1209 1464 a
1239 1428 1398 1475 palatio
1431 1431 1483 1465 ad

75 1490 306 1537 Collegium
324 1490 503 1527 inferius
522 1499 655 1536 usque
671 1489 867 1535 provenit
881 1493 910 1526 t.
930 1491 1232 1536 speciminibus
1249 1503 1275 1530 a
1292 1494 1482 1532 studioso

75 1556 138 1589 W.
166 1554 315 1591 Miixcn
338 1554 401 1591 ibi
430 1555 560 1592 lectis.
591 1573 638 1581 —
660 1555 724 1591 Ad
751 1564 887 1592 arcem
912 1555 1199 1596 Falkenstein.

136 1641 304 1705 (Pag.
337 1641 477 1703 173.)
527 1640 588 1704 4)
627 1660 862 1692 arenosa
903 1643 1048 1693 Scor.

140 1722 212 1772 Ic.
251 1721 412 1775 Rchb.
460 1723 492 1776 l.
534 1740 577 1775 c.
622 1722 654 1775 f.
697 1721 847 1773 4332.

140 1805 188 1857 β.
224 1807 561 1870 integr-{folia
583 1824 601 1866 5
659 1805 787 1854 foliis
830 1803 1134 1855 radicalibus
1179 1817 1232 1855 et
1276 1806 1481 1856 caulinis

75 1873 400 1923 inferioribus
430 1873 662 1940 oblongis
700 1874 778 1923 vel
819 1875 975 1923 ovatis
1017 1872 1256 1925 dentatis.

152 1962 248 1997 Loc.
277 1972 320 1997 n.
353 1961 478 1999 adde:
527 1972 571 1999 α.
605 1962 651 1996 ln
681 1962 826 1999 insula
857 1973 989 2008 prope
1021 1962 1282 2011 Neuenbury
1308 1964 1405 2000 bad.
1435 1961 1479 2009 β.

75 2028 121 2062 1n
152 2026 352 2072 glareosis
375 2027 500 2063 Birsae
529 2036 553 2064 e
575 2026 747 2074 regione
778 2028 829 2063 D.
858 2026 1006 2064 Jacobi
1033 2028 1136 2064 Rev.
1162 2025 1326 2065 Miin'cn.

143 2109 313 2175 (Pag-
345 2110 493 2174 174.)
530 2113 580 2175 5)
616 2117 828 2164 hirsuta
863 2115 1006 2163 Scor.

138 2194 303 2242 Defin.
343 2191 505 2242 adde:
554 2194 828 2244 seminibus
871 2204 1082 2262 anguste
1124 2193 1280 2244 alatis.

141 2276 211 2328 Ic,
239 2273 369 2324 adde
390 2295 400 2323 :
446 2275 609 2325 Rchb.
633 2276 665 2324 Ι.
685 2295 728 2327 c.
751 2277 784 2326 f.
809 2275 958 2332 4342.
980 2275 1198 2326 Labram
1219 2275 1340 2326 fasc.
1359 2277 1472 2331 116.

143 2356 188 2404 Β.
237 2354 455 2407 Exclud.
489 2373 598 2420 syn.
641 2358 789 2408 Pizus.
831 2360 920 2409 SM.
962 2361 1055 2408 Dc.
1091 2358 1254 2426 iisque
1286 2357 1477 2410 substi-

80 2436 252 2475 tuatur
273 2444 284 2472 :
321 2426 382 2474 A.
419 2426 651 2492 sagittata
672 2427 860 2478 Bertol.
879 2427 1045 2477 Rchb.
1067 2426 1098 2476 l.
1123 2444 1168 2477 c.
1188 2426 1228 2476 f.
1254 2425 1401 2483 4343.
1424 2426 1474 2477 b.

81 2523 209 2627 4325
225 2509 651 2572 multisiliquosa.
691 2511 752 2561 A.
784 2508 1050 2577 glastifolia
1092 2507 1257 2561 Rchb.
1293 2509 1324 2560 1.
1367 2528 1410 2561 c.
1438 2512 1474 2560 f.

216 2616 227 2630 ,
270 2592 313 2623 a.
