1685 2901
214 181 307 231 134
709 178 1088 228 Ternmvnmu.

284 303 377 339 Loc.
407 311 453 339 n.
475 299 607 339 adde:
647 299 712 340 Ad
740 302 878 351 ripam
908 303 1047 342 Rheni
1073 304 1118 341 in
1146 303 1296 343 insulis
1320 314 1452 354 prope
1484 306 1595 345 Neu-

210 367 375 415 enburq
403 366 589 405 abunde.
663 408 666 412 ⁴

271 459 440 526 (Pag.
473 458 620 525 167.)
654 462 908 512 Envsmmu
950 465 1375 513 cheiranthoides
1406 464 1464 512 L.

272 543 342 592 Ic.
378 538 534 591 adde:
572 540 737 593 Rchb.
781 543 812 592 1.
846 560 890 597 c.
931 543 966 593 f.
1005 543 1154 598 4383.
1178 562 1225 591 a.
1252 557 1304 596 et
1326 543 1373 594 Β.

279 631 376 667 Loc.
402 641 447 666 n.
478 629 604 669 adde:
664 631 710 668 ln
746 632 903 679 campis
936 634 1133 681 neglectis
1170 643 1311 671 versus
1354 631 1592 671 interiorem

205 694 548 743 cundetamqen.
591 695 654 733 Ad
676 695 870 734 Rhenum
901 702 998 736 ante
1018 703 1178 745 portam
1207 699 1459 737 Blasionem.

268 780 333 846 2)
378 784 640 831 orientale
675 783 737 836 R.
758 784 846 832 Ba.

269 863 342 920 Ic,
376 861 538 915 Rchb.
580 863 613 912 l.
640 880 683 912 c.
715 864 749 912 f.
778 863 931 918 4382.

274 951 382 987 Loco
394 950 520 987 citato
533 961 620 987 non
637 952 820 998 amplius
836 953 1054 1000 apparuit,
1082 953 1152 990 sed
1170 953 1309 990 denuo
1327 952 1371 989 in
1394 951 1595 989 ruderatis

199 1015 405 1062 Huningae
421 1014 560 1053 visum
585 1020 644 1053 est
661 1025 686 1053 a
700 1017 801 1054 Rev.
820 1019 1077 1056 answnnx.

266 1119 434 1184 (Pag.
461 1121 611 1187 169.)
647 1123 995 1174 CussinAnrsz
1046 1125 1226 1174 Cheiri
1264 1125 1321 1172 L.

263 1200 501 1251 lc.Labr.
522 1203 637 1255 fasc.
658 1206 737 1253 95.
759 1204 921 1253 Rchb.
944 1205 974 1256 l.
994 1223 1034 1254 c.
1054 1206 1086 1254 f.
1105 1204 1252 1258 4347.
1279 1203 1360 1265 (ad
1378 1206 1586 1271 exempl.

199 1284 297 1320 var.
343 1267 595 1318 hortensis
628 1269 921 1337 accedens.)

271 1357 366 1392 Loc.
390 1367 433 1392 n.
455 1357 582 1394 adde:
622 1358 686 1395 Ad
710 1370 835 1406 rupes
859 1364 970 1397 retro
1001 1370 1136 1396 arcem
1169 1361 1442 1408 Anqenstein.

266 1428 372 1479 Cel.
414 1431 761 1482 ReianNBAcu
802 1433 854 1481 in
902 1433 974 1482 Fl.
1011 1450 1167 1499 germ.
1209 1450 1259 1499 p.
1294 1432 1408 1487 687.
1446 1433 1591 1496 Ery-

193 1500 384 1547 simum
417 1499 743 1561 fruticosum
778 1502 896 1550 Spu.
942 1519 1102 1567 prope
1141 1500 1383 1550 Basileam
1435 1497 1587 1561 (loco

195 1566 511 1630 Landsberg
548 1569 587 1615 l.
624 1570 979 1630 Landskron)
1021 1586 1250 1618 crescens
1295 1567 1461 1615 affert.
1517 1565 1589 1614 lbi

194 1645 363 1682 autem
398 1635 574 1683 Cheir.
617 1637 797 1685 01ιείνὶ
835 1639 1086 1703 provenit,
1125 1653 1220 1686 nec
1271 1635 1362 1683 alia
1403 1635 1585 1700 stirps,

194 1716 411 1764 quacum
431 1701 675 1751 confundi
700 1716 889 1769 posset.
912 1735 979 1744 -—
1014 1708 1080 1757 E.
1109 1706 1433 1766 fruticosum
1457 1703 1585 1750 circa

195 1769 310 1830 Spa
359 1767 547 1816 lectum
579 1785 747 1817 coram
788 1769 1062 1832 habemus,
1101 1771 1275 1819 habitu
1309 1769 1585 1830 strictiore,

194 1834 322 1883 foliis
377 1834 607 1901 oblongis
666 1837 946 1902 asper-ulis,
1013 1838 1203 1905 siliquis
1271 1835 1583 1901 longioribus

190 1903 447 1968 utrimque
477 1903 604 1953 linea
628 1906 946 1970 prominente
977 1907 1231 1972 percursis
1271 1903 1584 1970 floribusque

191 1970 472 2019 minoribus
511 1971 623 2037 plus
662 1989 811 2038 quam
845 1975 962 2022 satis
1014 1972 1283 2022 diversum.
1338 1972 1443 2021 Nec
1489 1972 1581 2022 hoc

190 2037 576 2089 suffruticosum
617 2052 725 2102 est,
785 2040 875 2089 sed
909 2040 1108 2090 bienne.

257 2119 285 2184 (
298 2122 358 2170 In
389 2118 641 2170 moenibus
665 2120 804 2170 urbis
827 2137 927 2171 var.
955 2128 1255 2172 hortensem
1285 2123 1377 2172 Ch.
1401 2123 1582 2170 Cheiri

188 2204 284 2253 per
323 2185 508 2255 gradus
546 2189 873 2238 intermedios
912 2191 961 2240 in
1001 2191 1216 2240 formam
1253 2201 1579 2256 spontaneam

189 2254 218 2315 (
235 2257 328 2306 Ch.
362 2256 813 2320 fructiculosum)
877 2258 1179 2308 redeuntem
1237 2259 1576 2324 prosequaris,

189 2324 377 2390 quippe
422 2340 536 2391 quae
580 2324 708 2374 foliis
735 2324 1308 2377 lanceolam-linearibus
1341 2324 1578 2374 floribus—

189 2407 289 2456 que
310 2390 587 2441 minoribus
620 2391 798 2459 pallide
826 2394 956 2443 flavis
992 2396 1114 2458 (nec
1146 2405 1368 2444 saturate
1407 2392 1574 2451 luteis,

189 2458 359 2523 quales
409 2461 539 2526 petit
583 2460 836 2526 Kocnms)
880 2463 1172 2530 siliquisque
1211 2461 1366 2526 magis
1392 2458 1573 2510 erectis

187 2526 259 2573 ΖΝ
307 2526 469 2592 longis
506 2528 978 2596 incana-adpresse
1022 2529 1418 2598 pubescentibus
1454 2543 1571 2594 par-

188 2609 352 2661 voque
388 2612 634 2648 mucrone
665 2596 820 2648 bifido
848 2599 976 2650 alato
1014 2600 1294 2667 insignitur.
1323 2626 1384 2638 ·-
1406 2597 1569 2646 Semi-
