1685 2901
610 149 949 198 Pam-Annam.
1434 141 1490 190 41

152 274 319 340 (Pag.
360 273 508 340 209.)
545 276 679 324 Dein
717 286 996 343 sequatur:

152 361 271 428 1⁴⁵&
309 367 505 413 humile
540 366 758 427 BERNH.;
803 379 1026 413 annuum
1049 397 1062 424 ,
1102 358 1294 425 angulis
1327 373 1492 405 ramo-

83 450 196 482 rum
245 432 584 482 subobsoletis
635 432 1093 492 subtuberculatiS,
1145 428 1275 477 foliis
1337 427 1495 475 ovatis

83 501 441 550 subrhombeis
473 500 978 568 repando—dentatis
1013 498 1256 564 cauleque
1288 493 1493 558 subgla-

80 570 217 632 bris,
253 572 463 619 racemis
508 569 849 634 simplicibus,
898 568 1156 635 pediceilis
1213 562 1492 613 fructiferis

82 641 220 705 apice
260 640 543 687 incrassatis
589 638 811 687 deflexis.
850 640 1009 687 Kocn.
1047 639 1097 686 S.
1143 632 1493 683 luteo-vires-

84 725 202 756 cens
248 707 409 758 Gmel.
456 706 570 754 bad.
628 708 792 773 suppl.
829 709 966 756 -S.
1004 707 1208 771 nigrum
1246 694 1281 748 ἓ.
1326 699 1490 750 Gaud.

80 775 244 825 Rchb.
283 777 341 824 ic.
382 777 448 823 X.
494 774 529 822 s.
575 778 718 824 1251.

149 843 228 893 Ab
283 841 606 891 antecedenti
666 841 883 891 discedit
950 852 1143 889 statura
1217 836 1494 896 humiliori,

81 914 230 961 ramis
256 912 420 959 minus
456 910 808 972 tuberculatis,
836 910 964 958 foliis
994 906 1342 974 glabriusculis
1370 904 1494 953 sub-

79 981 287 1045 integris
344 979 616 1043 baccisque
676 978 834 1027 dilute
906 973 1489 1026 luteo-virescentibus.

83 1049 197 1111 (Vix
231 1048 447 1114 genuina
487 1046 730 1113 species.)

154 1137 200 1172 In
234 1135 441 1173 ruderatis
466 1135 616 1171 rarius.
656 1136 705 1170 In
727 1133 935 1171 ruderatis
955 1133 1007 1168 ad
1039 1133 1280 1179 patibulum
1311 1132 1410 1166 Rev.
1446 1132 1492 1164 R.

80 1203 291 1238 Preisw.
336 1201 451 1235 Circa
481 1201 720 1247 Oettlz‘nyen
742 1201 845 1238 olim
881 1199 937 1234 CI.
967 1198 1156 1234 Zeiher
1189 1202 1217 1232 t.
1242 1198 1308 1232 lit.
1334 1200 1371 1232 et
1406 1205 1496 1241 spe-

78 1268 174 1303 cim.
205 1267 293 1302 Jul.
324 1287 374 1292 --
396 1268 483 1301 Oct.
513 1267 557 1310 Θ

148 1359 307 1422 (Pag.
328 1356 474 1422 209.)
500 1359 625 1406 Post
646 1359 697 1410 S.
717 1361 1112 1407 Dulcamaram
1129 1359 1190 1404 L.
1218 1366 1490 1421 sequatur:

144 1462 194 1523 3)
233 1462 535 1510 tuberosum
556 1461 610 1508 L.
634 1478 647 1520 3
684 1458 854 1508 radice
879 1459 1177 1521 tuber-ifem,
1203 1457 1342 1536 caple
1367 1458 1491 1506 her-

77 1529 268 1591 baceo,
311 1529 438 1577 foliis
474 1529 761 1594 interrupte
801 1530 1045 1595 pinnatis,
1111 1527 1291 1575 foliolis
1321 1528 1492 1576 'ovatis

79 1599 278 1664 rugosis
316 1598 678 1663 integerrimis,
713 1598 923 1645 racemis
966 1595 1321 1663 pedunculatis
1354 1613 1495 1644 com·

77 1667 255 1732 positis
300 1706 311 1717 .
343 1701 356 1714 .
387 1702 397 1712 .
469 1666 730 1715 Solanum
791 1667 1092 1715 tuberosum
1154 1667 1491 1713 esculentum.

83 1737 138 1785 C.
187 1738 248 1784 B.
284 1737 347 1781 P.
390 1734 468 1782 89.
520 1752 559 1782 c.
599 1738 660 1782 ic.

154 1824 284 1869 Stirps
308 1823 517 1858 esculenta
545 1823 704 1867 ubique
733 1823 842 1858 culta
873 1822 917 1857 in
952 1822 1110 1859 inculta
1146 1822 1387 1868 frequenter
1422 1832 1493 1856 au-

79 1890 198 1935 fugit.
226 1890 329 1923 Jun.
365 1909 411 1913 —
450 1890 553 1935 iug-
589 1895 677 1970 22..

148 1973 235 2038 (C.
273 1976 498 2022 BAumNo
534 1972 703 2038 planta
740 1988 856 2019 cum
904 1971 1048 2018 icone
1093 1987 1118 2017 a
1144 1971 1392 2019 Summi-0
1424 1970 1493 2017 Αυ

48 2058 49 2061 ’
83 2043 228 2091 1590.
273 2041 368 2089 sibi
397 2041 543 2088 missa
585 2041 801 2104 primum
844 2039 1067 2086 innotuit
1107 2051 1156 2087 et
1194 2037 1255 2085 ab
1294 2054 1354 2085 eo
1397 2054 1491 2103 pro

83 2110 330 2172 „Solano“
384 2109 480 2156 fuit
518 2109 793 2171 recognita.
841 2108 952 2154 Jam
987 2106 1070 2153 illo
1116 2118 1346 2171 tempore
1396 2105 1490 2154 sub

81 2179 283 2226 nomine
306 2176 757 2238 Grublingsbaum
784 2174 833 2220 in
859 2190 1006 2222 usum
1050 2174 1325 2222 culinarem
1360 2168 1491 2222 t'rahi

81 2247 282 2311 incipit,
329 2256 548 2293 attamen
581 2243 763 2302 rarius,
800 2257 954 2308 scopo
987 2240 1336 2306 aphrodisiaco
1358 2244 1490 2308 poti-

80 2332 138 2363 us
184 2331 334 2380 quam
382 2311 691 2359 alimentario
743 2309 1064 2372 inserviens.)

151 2403 310 2467 (Pag.
349 2400 490 2462 209.)
529 2401 835 2449 ERYTHRAEA
879 2401 1225 2449 Centaurium
1267 2399 1376 2448 DC.

149 2493 193 2544 β.
232 2495 470 2555 capitata
508 2491 679 2553 Κορης
732 2488 976 2554 corymbo
1031 2489 1181 2539 etiam
1225 2500 1340 2556 post
1403 2504 1490 2536 an-

83 2560 247 2610 thesin
292 2570 573 2626 compacto,
