1685 2901
618 152 919 202 Dunm’nm.
1370 154 1463 201 153

133 284 178 336 Β,
226 276 484 328 Dentibus
545 277 726 342 calycis
775 277 964 327 corolla
1022 275 1350 343 longioribus.
1401 279 1462 329 T.

64 345 300 397 scabrum
320 345 535 397 Schreb.
577 364 657 415 ap.
683 348 877 397 Sturm.
911 348 951 395 Ι.
983 347 1059 400 16.
1100 345 1311 410 (Deleas
1335 345 1462 396 hano

63 415 124 465 ic.
160 414 240 465 ad.
280 442 327 473 οι,
364 414 496 480 cit.)

139 498 233 534 Loc.
263 509 306 534 n.
331 501 375 549 Β.
421 498 470 534 In
501 496 632 543 pratis
653 493 763 532 inter
790 495 1014 542 Mvulheim
1045 499 1087 533 et
1119 495 1390 542 Neuenburq.

135 586 293 646 (Pag.
320 583 471 648 228.)
514 581 605 647 11)
627 583 969 646 fragzjferum
1006 584 1063 635 L.

128 666 200 716 Ic.
240 664 459 715 Labram
493 665 613 718 fasc.
656 667 768 715 100.

154 747 250 784 Loc.
291 758 335 783 n.
373 747 500 784 adde:
549 747 597 783 In
635 746 728 793 ipsa
768 746 895 789 urbe,
946 755 985 779 v.
1029 754 1073 791 g.
1104 743 1220 792 juxta
1250 741 1360 781 aedes
1391 752 1464 779 am

58 810 394 860 Schlilsselberq.
450 811 513 847 Ad
548 812 743 848 Rhenum
774 820 906 858 prope
936 811 1086 847 Mer-kt.
1138 811 1272 857 Prope
1305 810 1465 847 Sim-ew¹

61 875 183 913 kirch
215 887 358 913 versus
390 877 582 924 Biiryeln
611 877 658 912 in
689 877 825 927 sylva.
856 878 905 912 In
932 875 1180 923 graminosis
1197 873 1464 912 subhumidis

59 950 189 987 prope
216 940 456 978 Miilllzeim.
493 940 542 976 ln
568 943 734 989 pascuis
765 951 897 990 prope
925 942 1122 978 Zienken.

128 1046 298 1110 (Pag.
327 1045 475 1111 230.)
516 1047 599 1108 13)
638 1049 852 1096 badium
890 1049 1102 1096 Senam.

133 1129 485 1176 Expungendum!
518 1128 679 1176 (Planta
694 1129 769 1165 illa
785 1139 808 1165 a
826 1129 1078 1165 Lachenalio
1094 1129 1139 1164 in
1153 1124 1319 1178 sylvula
1336 1135 1465 1172 prope

56 1194 327 1241 Bottmz'nqen
354 1205 430 1240 pro
467 1194 513 1229 T.
545 1194 674 1230 badio
704 1195 779 1242 (Τ.
797 1195 989 1241 spadiceo
1016 1194 1117 1230 Vill.
1138 1203 1225 1228 nou
1245 1190 1317 1240 Ι..)
1342 1191 1462 1233 lecta,

57 1261 157 1294 teste
186 1242 414 1305 exer’nplari
444 1258 639 1294 mutilato
671 1259 852 1295 auctoris
879 1259 933 1295 ad
970 1258 1016 1295 T.
1040 1258 1270 1305 ayrarium
1288 1256 1332 1291 L.
1363 1264 1463 1301 per-

57 1322 243 1359 tinet.—
276 1323 322 1359 T.
343 1322 592 1368 spadz'ceum
607 1324 671 1366 1..‚
703 1323 749 1359 in
765 1324 956 1360 Helvetia
978 1320 1218 1360 australiori
1235 1324 1275 1358 et
1291 1318 1463 1366 quidem

58 1397 153 1423 raro
184 1388 385 1431 obvium,
421 1398 498 1424 nec
526 1388 573 1423 in
611 1389 669 1425 M.
711 1389 776 1427 W
777 1388 1056 1436 asser-fallen,
1090 1397 1168 1423 nec
1191 1395 1315 1432 supra
1345 1386 1463 1421 Hex-

57 1458 188 1490 marte
227 1455 323 1490 had.
369 1453 595 1499 provenit,
640 1453 706 1490 uti
744 1454 889 1491 laudat
924 1452 1143 1490 Gmelinus
1179 1451 1225 1487 in
1263 1451 1328 1486 ΡΙ.
1365 1450 1460 1488 bad.

56 1519 124 1553 ΠΙ.
158 1528 202 1565 p.
229 1514 340 1563 256.)

129 1603 210 1664 14)
247 1610 531 1667 agrarium
567 1607 622 1653 L.

124 1693 169 1742 β,
195 1696 568 1748 prostratum3
608 1687 748 1734 caule
777 1686 1004 1735 fistuloso
1029 1684 1255 1753 capitulis
1278 1686 1457 1735 aureis.

133 1767 230 1802 Loc.
254 1776 302 1803 n.
332 1762 378 1812 β.
414 1767 463 1802 ln
495 1767 746 1814 graminosis
763 1768 820 1804 im
839 1767 1072 1805 Eichwald
1087 1777 1218 1815 prope
1236 1767 1460 1805 Msdllteim

56 1834 156 1867 Rev,
185 1833 311 1867 Lux-c.

123 1917 292 1980 (Pag.
318 1918 465 1982 232.)
502 1920 669 1967 LoTus
703 1920 985 1982 siliquosus
1020 1921 1077 1968 L.

131 2000 226 2036 Loc.
264 2010 309 2035 n.
340 2000 464 2038 adde:
513 2002 568 2037 In
599 2001 675 2038 der
703 2004 904 2039 Rosenaa
936 2010 1066 2048 prope
1100 2000 1363 2047 ponticulum
1393 2001 1456 2036 la-

56 2066 239 2112 pideum.

129 2151 296 2216 (Pag.
323 2151 471 2216 233.)
504 2152 557 2215 2)
597 2157 951 2204 corniculatus
990 2155 1049 2202 L.
1093 2141 1097 2146 ⁴

124 2239 169 2289 β,
209 2235 518 2297 uliginosus.

126 2315 170 2361 A
208 2313 313 2370 Cel.
361 2315 519 2370 Kocn.
557 2316 606 2364 in
641 2319 711 2364 D.
743 2319 915 2365 Flora
947 2333 995 2382 p.
1023 2314 1140 2365 306.
1172 2331 1266 2381 pro
1287 2317 1454 2381 specie

60 2383 362 2447 proponitur
400 2383 595 2450 ipsique
632 2383 796 2434 audit:
853 2387 909 2432 L.
961 2384 1142 2448 major
1188 2383 1334 2439 Scor,
1387 2413 1454 2424 --

59 2452 254 2499 Praeter
283 2448 511 2500 habitum
535 2453 777 2519 majorem
810 2452 1126 2518 capitulaque
1165 2449 1455 2502 sub12ssora

58 2519 339 2584 praesertim
368 2521 532 2568 carina
565 2521 851 2586 angustiore
891 2539 915 2569 e
950 2519 1056 2570 basi
1092 2531 1234 2570 ovata
1268 2522 1454 2571 sensim

64 2589 110 2637 in
149 2600 374 2639 rostrum
412 2587 666 2655 producto
703 2590 848 2657 (quae
874 2590 923 2639 in
965 2591 1024 2639 L.
1051 2591 1375 2642 corniculato
1399 2611 1445 2645 α.
