1685 2901
610 137 948 184 POLYAuDfflA.
1380 133 1469 178 101

73 263 263 312 caulem
316 264 480 311 minus
529 261 801 323 confertis,
869 257 1158 326 pedunculo
1207 255 1472 304 fructifero

70 331 315 395 longiori,
364 331 541 394 calycis
574 330 751 396 phyllis
788 328 1067 377 minoribus
1103 327 1257 391 magis
1293 336 1473 372 rotun-

71 399 200 449 datis
234 403 491 462 concavis,
543 411 687 447 extus
719 397 975 464 pilosulis,
1027 396 1204 461 petalis
1244 393 1473 457 oblongis

67 467 173 517 basi
216 469 486 518 attenuatis
538 466 809 534 phoeniceis
858 466 982 528 (nec
1011 463 1283 524 miniatis),
1340 477 1474 526 saepe

69 536 352 600 hebetatis,
420 553 521 585 non
577 536 740 584 solum
788 537 957 600 apice,
1018 531 1110 581 sed
1155 544 1205 580 et
1250 541 1473 595 utroque

68 606 292 671 margine
327 623 352 653 a
391 603 558 653 medio
588 604 688 670 jam
721 603 1009 664 crenulatis‚
1043 600 1149 649 basi
1189 597 1478 647 immacula-

69 675 132 723 tis
157 710 171 737 ,
227 674 303 722 vel
337 674 528 722 macula
561 690 711 738 parva
748 671 1032 719 obscuriori
1073 669 1256 718 notatis
1280 703 1293 729 7
1339 667 1476 732 capi-

69 744 175 790 tulo
216 742 482 791 fructifero
516 740 795 806 graciliori,
845 740 999 788 laxius
1035 738 1319 796 imbricatO,
1363 751 1474 783 car-

67 810 213 876 pidiis
252 810 407 876 duplo
438 809 717 858 minoribus
760 810 947 872 ovatis,
992 807 1186 872 angulis
1244 803 1471 863 obtusis7

66 879 171 928 basi
217 879 516 939 con-tractis,
561 877 713 924 dente
764 877 930 942 anguli
987 875 1262 941 superioris
1320 873 1476 935 magis

68 948 251 997 obtuso
295 947 424 1008 stylo
467 946 690 994 breviori
736 957 908 993 erecto
955 942 1288 1002 subaduncO,
1336 943 1474 1006 apice

63 1015 244 1065 adusto
280 1014 589 1080 parvulaque
622 1013 775 1062 crista
809 1014 858 1060 in
892 1012 1134 1076 angulum
1180 1007 1475 1057 inferiorem

65 1084 344 1133 desinente.

137 1174 250 1210 Inter
281 1176 436 1220 segetes
473 1169 687 1216 utrimque
721 1168 838 1216 juxta
878 1167 993 1204 viam
1031 1165 1245 1212 publicam
1282 1175 1330 1201 ex
1372 1165 1475 1200 urbe

63 1249 206 1277 versus
231 1237 460 1275 Rheinach
489 1236 711 1273 ducentem
732 1245 753 1271 e
772 1234 946 1279 regione
972 1230 1296 1267 Miinchemtez'n
1318 1230 1362 1265 in
1383 1240 1481 1264 con-

62 1304 190 1340 sortio
222 1302 271 1339 A.
304 1302 537 1338 aestivalis.
565 1317 614 1327 -—
634 1301 746 1336 Inter
763 1300 858 1335 dem
870 1296 1164 1334 Istee‘nerklotz
1184 1298 1223 1331 et
1245 1295 1481 1340 [Iuttz‘nyen

64 1369 123 1404 Cl.
150 1369 319 1404 LmsLER
345 1366 452 1402 Med.
481 1365 609 1401 Cand.

134 1440 233 1504 (A.
261 1443 528 1500 flammea
571 1440 715 1493 JACQ.
757 1433 966 1502 quidem
986 1433 1090 1498 jam
1127 1449 1155 1479 a
1188 1433 1380 1481 Sutero
1428 1445 1482 1480 ut

65 1509 182 1557 civis
215 1507 505 1556 basileensis
557 1505 789 1553 affertur.
854 1501 957 1552 Sed
998 1518 1059 1549 ex
1103 1499 1291 1548 Halleri
1337 1516 1476 1552 num.

67 1580 213 1630 1158.
243 1575 290 1623 Β.
331 1578 481 1624 citato
515 1586 687 1638 patet,
732 1571 794 1621 de
822 1573 888 1620 A.
916 1572 1163 1620 aestivali
1196 1570 1253 1616 L.
1288 1584 1484 1616 sermo-

64 1662 181 1694 nem
214 1661 342 1692 esse.
405 1645 451 1692 ‚A
498 1640 732 1692 Gaudino
776 1638 912 1687 idem
963 1654 1209 1686 numerus
1251 1636 1296 1684 β.
1344 1635 1481 1683 haud

65 1713 243 1761 melius
286 1711 349 1760 ad.
381 1714 446 1763 A.
485 1711 850 1760 autumnalem
894 1709 950 1754 L.
992 1704 1217 1756 ducitur.
1241 1703 1483 1768 —Quod

65 1793 235 1831 autem
268 1780 313 1829 β.
356 1779 419 1829 ad
456 1781 520 1828 A.
557 1779 865 1828 aestivalem
900 1778 956 1830 L,
998 1771 1130 1838 (var.
1164 1772 1479 1835 miniatam)

64 1847 369 1899 referendus
401 1849 497 1909 sit,
532 1846 584 1895 id
638 1846 768 1894 bene
808 1844 970 1910 liquet
1011 1860 1072 1890 ex
1107 1841 1296 1890 Halleri
1328 1843 1477 1888 citato

65 1934 376 1980 synonymo:
451 1919 879 1981 Eryanthemum
920 1915 1068 1972 flore
1110 1915 1370 1970 flammeo
1428 1909 1475 1954 in

68 1989 198 2034 Hort
229 1986 371 2047 Eyst.
410 1984 520 2033 Fol.
556 1985 621 2032 ΙΙ.
667 1982 698 2031 f.
728 1988 790 2044 3,
836 1997 949 2047 quae
993 1979 1106 2026 icon
1149 1976 1284 2025 haud
1323 1975 1476 2025 dubie

68 2053 131 2102 ad
151 2056 211 2101 A.
245 2055 550 2101 aestivalem
575 2052 812 2117 pertinet.
879 2048 1005 2097 Nam
1035 2047 1083 2093 in
1122 2044 1298 2092 eadem
1330 2046 1476 2092 Hort-

67 2124 207 2184 Eyst.
248 2122 422 2185 pagina
465 2121 497 2167 f.
537 2124 585 2168 2.
629 2118 925 2184 depingitur
955 2116 1022 2166 A.
1062 2116 1392 2163 autumnalis
1416 2114 1473 2159 L.

64 2189 161 2238 sub
202 2193 569 2254 Eryantlzemo
593 2192 739 2248 flore
784 2187 960 2236 rubro.
996 2212 1064 2220 ——-
1104 2182 1185 2230 Sic
1229 2193 1278 2228 et
1318 2182 1474 2245 figura

66 2260 279 2307 Mummii
325 2270 359 2305 t.
392 2256 468 2306 14.
513 2257 544 2304 f.
581 2261 628 2304 2.
664 2274 689 2304 a
716 2255 918 2304 Hallero
954 2249 1018 2299 ad
1053 2248 1272 2298 eundem
1307 2250 1475 2297 locum

65 2328 245 2388 citata,
298 2323 560 2372 evidenter
594 2324 796 2373 exhibet
821 2325 887 2372 A.
923 2321 1233 2369 aestivalem
1255 2316 1299 2369 β.
1327 2321 1474 2365 citri-

68 2413 228 2454 nam,
267 2411 379 2460 quae
406 2393 472 2441 ibi
499 2405 734 2441 vocatur:
778 2394 844 2448 Α,
865 2392 1143 2455 sylvestris
1155 2390 1304 2447 flore
1332 2390 1469 2435 luteo

66 2465 285 2527 ejusque
313 2463 472 2525 foliis
506 2462 850 2524 longioribus.
882 2461 939 2508 C.
971 2459 1031 2506 B.
1070 2458 1131 2503 P.
1162 2457 1285 2517 1783
1332 2453 1472 2521 quod

66 2548 383 2595 synonymon
424 2542 498 2579 est
526 2547 640 2578 cum
674 2529 798 2577 Hall.
831 2543 968 2575 num.
1010 2526 1154 2573 1158.
1183 2524 1251 2582 α.)
