1685 2901
629 153 926 196 DiANDRtA.
1379 150 1466 203 459

129 295 175 328 γ.
227 271 494 326 discolor-,-
551 267 678 314 foliis
728 265 880 312 dorso
925 265 1352 315 sericeo-albidis
1390 270 1466 316 vel

67 335 515 402 glaucescentibuS.
553 337 603 381 S.
647 333 937 381 Russeliana
977 334 1065 380 SM.

130 405 301 452 Arbor
319 420 466 467 saepe
499 402 734 466 praealta,
766 397 961 457 20-40‘,
995 412 1189 461 erecta,
1226 399 1366 449 valde
1387 419 1469 450 ra-

64 488 218 518 mosa.
273 472 459 519 Cortex
507 472 734 515 cinereus
779 467 1030 512 rimosus..
1082 468 1222 514 Rami
1271 482 1471 517 erecto-

65 550 296 603 patentes
333 537 528 584 viminei
556 534 854 582 tenacissimi
879 533 1324 594 cinereo-virides,
1364 536 1472 584 fus-

65 617 323 653 cescentes
352 604 425 649 vel
461 611 920 666 purpurascenteS,
958 602 1181 647 annotini
1212 601 1317 648 basi
1348 621 1472 667 quo-

68 690 168 737 que
217 688 363 719 versu
422 668 737 731 fragilissimi.
797 667 933 713 Folia
987 667 1177 713 alterna
1235 670 1473 732 petiolata

67 737 618 800 oblongo-lanceolata,
657 734 762 780 basi
797 733 1068 780 rotundata
1104 735 1248 797 longe
1285 739 1476 784 acumi-

68 818 179 853 nata
216 806 394 867 (apice
417 820 562 866 saepe
593 800 861 848 rotundata
890 801 1225 863 emarginata)
1263 817 1471 865 serrata,

67 872 334 918 serraturis
372 867 887 931 inflexo-glandulosis
911 902 924 929 7
965 869 1195 928 firmula,
1233 872 1471 936 utrinque

69 939 266 1002 glabra,
327 953 479 999 supra
524 936 650 982 laete
692 934 864 980 viridia
913 935 1264 998 splendentia,
1320 937 1472 986 dorso

67 1005 248 1068 pallida
275 1004 346 1050 vel
371 1003 756 1066 glaucescenffia,
790 1000 1025 1064 (juniora
1050 1003 1474 1069 sericeo-pilosa).

66 1072 246 1119 Petioli
298 1086 516 1134 superne
567 1067 860 1132 glandulosi.
901 1069 1123 1133 Stipulae
1172 1082 1258 1117 aut
1305 1078 1336 1120 Ο
1392 1084 1479 1119 aut

70 1138 196 1186 duae
242 1149 412 1184 ovatae
462 1153 499 1182 s.
543 1136 778 1182 cordatae
831 1148 1099 1197 crenatae,
1154 1155 1300 1201 saepe
1340 1138 1478 1185 deci,

70 1205 232 1266 duae3
273 1215 468 1250 amenta
504 1203 720 1250 mascula
748 1202 930 1266 pallide
970 1203 1286 1251 flavescentia
1329 1207 1479 1268 cylin-

72 1271 208 1318 drica
247 1270 513 1317 laxiuscula
560 1271 779 1334 squamis
820 1270 1045 1317 obovatis
1094 1271 1474 1334 viridi-luteis,

71 1339 208 1401 apice
249 1337 457 1396 villosis,
496 1335 790 1382 staminibus
827 1337 1022 1399 longius
1060 1339 1284 1384 exsertis·
1324 1341 1480 1387 Glan-

72 1405 217 1450 dulae
253 1404 414 1450 luteae
449 1402 593 1462 duze,
633 1403 785 1448 altera
816 1403 946 1448 inter
980 1404 1165 1450 rachim
1195 1416 1244 1451 et
1270 1408 1479 1453 stamina

71 1472 260 1536 posita,
299 1470 451 1515 altera
485 1470 615 1515 inter
645 1468 765 1514 haec
787 1481 836 1515 et
861 1486 1133 1532 squamam.
1172 1472 1281 1517 Am.
1318 1473 1480 1519 foemi-

72 1556 163 1584 nea
192 1536 392 1584 tandem
435 1536 662 1598 elongata
707 1535 810 1580 laxa
847 1535 1086 1598 pendula,
1125 1540 1342 1601 squamis
1380 1540 1480 1586 lan-

75 1604 266 1650 ceolato
289 1602 602 1648 -linearibus
670 1601 839 1647 ciliatis
898 1602 1033 1648 luteo
1052 1633 1076 1640 -
1099 1605 1477 1653 virescentibus.

72 1673 311 1731 Stigmata
339 1668 504 1713 brevia
523 1665 770 1713 subbilida
789 1669 974 1730 patula.
1015 1671 1257 1733 Capsulae
1279 1673 1479 1735 pedun-

71 1737 261 1783 culatae
295 1735 495 1780 conicae
536 1733 827 1794 elongatae,
866 1735 912 1780 in
948 1736 1131 1796 stylum
1175 1749 1477 1800 attenuatae,

71 1802 253 1850 virides
275 1800 493 1865 glabrae,
513 1800 606 1846 sub
625 1800 757 1846 lente
776 1801 1059 1864 rugulosae.
1079 1803 1326 1852 Glandula
1348 1807 1480 1854 inter

72 1869 258 1916 rachim
286 1881 335 1915 et
367 1868 590 1914 ovariuin
623 1878 673 1913 et
706 1868 837 1913 inter
870 1868 964 1914 hoc
1002 1882 1052 1916 et
1076 1887 1347 1933 squamam.
1378 1876 1480 1921 Re-

72 1936 292 1982 sectione
338 1935 459 1980 rami
508 1933 786 1996 vegetiores
832 1935 956 1981 fiunt
1002 1937 1194 2000 stipulis
1247 1939 1476 2005 foliisque

73 2000 380 2066 majoribu53
420 2023 463 2054 91.
493 2002 760 2062 exfragilc‘
788 2012 836 2047 et
864 2003 986 2049 alba
1011 2003 1224 2064 hybrida
1260 2005 1476 2054 videtur.

120 2094 178 2128 Ad
200 2098 336 2127 nostra
361 2089 529 2127 flumina
557 2099 630 2127 etc.
658 2091 756 2128 satis
784 2091 983 2137 frequens,
1005 2103 1088 2129 „Am
1110 2096 1334 2132 Illemmlsach
1357 2110 1479 2142 μορε

73 2149 266 2185 Mis‘llheim
309 2147 429 2183 Mart.
454 2148 547 2193 Apr.
575 2141 635 2205 '5-

144 2227 235 2288 16)
289 2229 619 2289 daphnoides
658 2231 833 2291 Vm„;
890 2233 1098 2279 amentis
1151 2235 1479 2297 praecocibus

76 2295 425 2354 villosissimi53
488 2296 699 2359 capsulis
757 2299 1010 2344 sessi-libus
1067 2302 1220 2346 ovatis
1267 2301 1478 2365 glabris,

77 2361 205 2422 stylo
243 2361 504 2424 elongato,
542 2364 855 2425 stigmatibus
899 2365 1128 2427 oblongis
1153 2401 1190 2411 ..
1215 2402 1225 2412 .
1256 2371 1304 2416 S.
1343 2370 1480 2418 cinc-

78 2445 161 2475 rea
186 2429 273 2476 sm.
309 2427 450 2488 (non
476 2428 575 2489 L.)
614 2431 662 2476 S.
699 2429 960 2491 bigemmis
1006 2434 1196 2478 HOFFM.
1238 2436 1287 2482 S.
1333 2453 1480 2499 prae-

80 2511 171 2541 cox
206 2496 387 2543 Horma.
439 2493 630 2542 Hosfin.
666 2507 701 2543 t.
735 2501 813 2546 32,
866 2498 1033 2549 Willd.
1086 2503 1263 2548 Bzclzt.
1305 2504 1384 2550 ed.
1429 2510 1475 2552 2.
