1685 2901
193 167 254 215 64
733 169 1040 216 anmnm.

191 290 387 340 2-3“
415 290 523 341 lata,
551 324 615 333 —
652 294 854 358 Vaginae
880 294 1060 341 infimae
1095 293 1144 340 in
1169 303 1383 359 utraque
1425 293 1580 343 forma

191 359 447 408 subancir·
567 373 715 423 sunt,
754 362 802 408 in
846 377 890 407 οι.
918 362 1095 408 minus.
1132 362 1313 408 Haecce
1344 361 1501 409 forma
1536 384 1579 409 α.

192 426 367 475 iisdem
402 443 539 489 wois,
581 427 671 476 sed
709 428 1057 489 sterilioribus‚
1100 429 1310 490 crescit;
1359 429 1407 476 in
1427 429 1583 478 hortis

190 495 321 544 culta
361 495 408 542 in
444 493 488 542 Β.
521 497 708 547 transit.
730 529 791 536 —
818 497 945 543 Hinc
975 495 1248 562 nequidem
1289 498 1511 545 varietas.

256 603 412 665 (Pag.
443 600 581 665 304.)
622 605 671 666 7)
709 608 1214 668 sphaeroceplzalam
1237 606 1293 652 L.

252 694 298 742 Β.
334 691 568 739 Floribus
594 704 975 757 atropurpurels
1003 693 1164 740 Gmel.
1194 691 1350 755 (excl.
1372 694 1426 740 L.
1451 693 1580 753 syn.)

187 756 312 809 Hali.
341 762 469 808 1220
493 758 529 805 β.
559 761 602 807 A
648 759 962 808 descendens
983 760 1118 815 Schi,
1153 759 1285 817 (non
1311 758 1415 823 L).
1458 759 1581 808 Hall.

188 825 249 872 de
275 826 418 874 Anio.
447 838 478 874 t.
505 831 551 873 2.
581 827 613 874 f.
640 828 670 879 i.
700 828 939 890 (umbella
979 830 1122 877 nimis
1156 828 1302 889 laxa.)

262 914 355 949 Loc.
390 924 432 948 n.
465 914 590 950 adde:
640 923 682 948 οι.
721 917 781 951 Ad
823 917 978 951 Birsam
1017 917 1125 951 inter
1165 921 1332 960 pontem
1372 919 1410 951 et
1453 916 1585 950 Harl-

186 977 341 1014 haben.
367 979 428 1013 Ad
445 979 578 1024 ripam
597 980 730 1014 Rheni
749 981 959 1016 sinistram
981 991 1121 1016 versus
1142 980 1372 1017 Grenzach
1389 968 1432 1016 β.
1451 980 1584 1025 Prope

185 1042 468 1089 Reiqoltswyl.
510 1043 623 1078 Circa
650 1044 859 1090 Sauyern.
904 1046 950 1079 ln
982 1045 1089 1090 agris
1121 1055 1250 1090 prope
1281 1045 1477 1090 Auqqen.

251 1134 417 1198 (Pag.
461 1133 605 1197 305.)
645 1135 701 1198 8)
738 1140 943 1185 vineale
964 1139 1018 1184 L.
1040 1153 1175 1201 spec.
1198 1137 1280 1198 (A.
1300 1138 1579 1184 arenarium

184 1204 237 1249 L.
256 1219 393 1250 suec.
413 1214 445 1251 t.
468 1203 608 1250 Fries
636 1205 759 1250 Nov.
789 1203 868 1250 ed.
892 1209 936 1250 2.
964 1202 1041 1251 84.

251 1291 319 1337 Ic.
360 1288 524 1340 Rchb.
568 1289 628 1344 ic.
657 1292 714 1341 V.
760 1290 793 1338 s.
824 1292 935 1340 590.
972 1292 1027 1342 F.
1051 1292 1115 1340 D.
1142 1293 1290 1342 2228.

259 1378 353 1413 Loc.
385 1381 469 1412 nat.
501 1377 625 1413 adde:
673 1379 720 1413 ln
751 1378 886 1414 vineis
910 1379 1016 1413 circa
1041 1379 1202 1413 urbem.

183 1539 225 1584 R
253 1471 415 1599 (ὴῗαξ.
445 1469 592 1534 306.)
618 1466 671 1534 9)
700 1474 992 1520 oleraceam
1017 1472 1073 1518 L.
1119 1470 1138 1532 (
1161 1468 1580 1536 Codonoprasum

232 1554 254 1585 e
336 1575 346 1586 .

251 1627 319 1678 Ic.
347 1625 508 1675 Rnhb.
537 1627 596 1675 V.
623 1625 657 1675 f.
686 1626 801 1675 601.
828 1626 959 1673 Nees
979 1627 1106 1679 Gen,
1133 1626 1214 1674 IV.
1239 1625 1315 1675 16.
1337 1623 1369 1672 f.
1397 1625 1472 1674 19.
1499 1628 1562 1673 20

249 1719 292 1763 6.
332 1713 481 1762 Flore
519 1713 646 1760 albo.

248 1801 327 1849 Ab
343 1803 402 1849 A.
424 1805 665 1849 carinato
687 1801 741 1847 L.
772 1796 964 1859 <Rchb.
990 1798 1047 1844 ic.
1065 1800 1123 1847 V.
1143 1797 1175 1845 f.
1205 1797 1349 1862 602.)
1390 1810 1577 1861 praeter

188 1870 421 1917 soliorum
446 1867 785 1915 differentiam
804 1864 1020 1912 recedit:
1045 1865 1340 1913 staminibus
1358 1866 1579 1925 inclusis,

183 1935 414 1984 umbellae
450 1935 689 1996 hulbillis,
740 1949 839 1980 non
885 1945 941 1979 ut
976 1933 1023 1979 in
1062 1933 1142 1980 illo
1187 1933 1579 1982 ovato-subtri-

187 2005 349 2068 gonis,
385 2001 474 2051 sed
519 2002 673 2066 magis
710 2000 1033 2065 prismaticisj
1070 2001 1099 2052 i,
1131 2018 1173 2052 e.
1199 2017 1298 2047 una
1332 2000 1454 2048 facie
1489 1999 1577 2049 de-

182 2073 371 2136 phmis,
411 2070 607 2119 duabus
646 2069 812 2116 alteris
837 2069 1069 2116 convexis
1116 2068 1166 2115 in
1201 2068 1437 2132 angulum
1483 2067 1576 2116 ob·

184 2153 353 2188 tusum
382 2137 780 2186 conniventibus,
837 2135 1022 2201 Spatha
1062 2136 1210 2184 etiam
1232 2137 1281 2184 in
1314 2138 1373 2188 A.
1403 2139 1576 2186 olera—

184 2227 267 2257 ceo
301 2207 407 2256 basi
439 2207 613 2254 latiore
650 2202 848 2269 gaudet.

254 2296 350 2331 Loe.
364 2305 409 2330 n.
428 2294 554 2330 adde:
587 2294 718 2338 Prope
737 2301 869 2327 arcem
897 2291 1046 2326 Ro'teln
1071 2294 1107 2326 et
1126 2292 1388 2338 Huninqam.
1409 2286 1453 2336 β.
1470 2292 1575 2327 Loco

178 2359 396 2406 posteriori
424 2354 485 2403 (et
513 2359 556 2393 in
582 2357 718 2393 insula
737 2355 938 2401 Bernau)
967 2355 1068 2390 flore
1098 2355 1394 2391 candidissimo
1418 2358 1459 2392 b.
1482 2357 1571 2391 Par.

183 2423 369 2459 MiiLLER.

251 2495 333 2556 10)
370 2512 640 2543 senescens
672 2498 715 2545 β.
758 2493 830 2544 Fl.
870 2492 973 2541 bas.

249 2581 394 2632 Adde
431 2600 546 2646 syn:
584 2584 644 2633 A.
674 2580 816 2631 fallax
844 2584 960 2648 Don
1009 2583 1242 2645 Monogr.
1284 2582 1311 2628 Ι.
1342 2598 1380 2626 c.
1411 2597 1455 2643 p.
1489 2580 1565 2631 61.
