1685 2901
198 199 298 254 170
773 197 1068 246 Svmcssmzsm.

286 323 518 369 (summus
562 320 669 358 inter
699 320 791 360 loca
832 322 992 359 natalia
1020 321 1140 360 basil.
1190 333 1331 360 errore
1375 323 1470 361 citat
1507 326 1585 362 den

191 385 548 434 Kirschqarten.)

262 484 434 550 (Pag.
462 483 612 549 296.)
652 484 711 551 7)
750 491 933 552 rigens
974 488 1184 540 WALLR.

261 570 382 631 Syn.
412 566 598 616 addas:
627 567 720 620 Cn.
745 567 1188 618 oleraceo-acaulis
1207 565 1441 620 Schiede.
1466 568 1593 618 Cirs.

195 635 546 685 decoloratum
605 636 761 685 Koch.
811 634 918 699 (C.
963 636 1249 685 Lachenalii
1291 633 1471 702 Ejusd.
1518 649 1593 686 est

196 705 290 756 Cn.
330 703 884 753 tuberoso-—oleraceus
926 704 1197 769 Schiede.)

263 786 506 847 (Cirsium
522 798 753 834 nostrum
769 786 844 834 Fl.
865 785 970 835 bas.
989 787 1093 835 sine
1113 783 1270 835 dubio
1289 783 1521 851 provenit
1535 801 1595 831 ex

197 856 252 903 C.
283 858 519 902 oleraceo
544 865 594 901 et
616 855 673 902 C.
702 857 908 918 acauli,
953 872 1012 902 eo
1039 854 1256 917 certius,
1285 851 1426 919 quod
1448 854 1596 901 etiam

189 923 314 970 locis
347 922 598 971 montanis
638 922 898 984 occurrit,
938 923 988 970 in
1032 921 1217 989 quibus
1256 919 1495 988 equidem
1536 920 1595 970 C.

192 993 376 1040 acaule
402 989 646 1051 abundat,
675 991 730 1040 C.
753 991 1017 1039 bulbosam
1043 1002 1211 1038 autem
1237 988 1417 1039 deest..
1441 1020 1507 1028 —
1535 989 1595 1039 C.

191 1060 552 1108 decoloratam
568 1060 708 1107 Kocn
734 1057 962 1124 perfecte
980 1059 1029 1106 in
1048 1069 1281 1106 nostrum
1301 1055 1448 1104 cadit.
1470 1057 1598 1104 Per-

186 1127 320 1174 lecta
357 1125 434 1175 Cl.
479 1127 662 1175 Kocnn
702 1126 951 1174 sententia
997 1124 1095 1188 (ln
1134 1124 1285 1173 Flora
1322 1122 1471 1178 1841.
1514 1124 1595 1174 48.

191 1192 357 1256 766.)
397 1191 462 1240 ad
502 1195 599 1245 Cn.
632 1196 946 1242 Lachenaliz'
974 1194 1120 1241 Gmm.
1149 1191 1426 1253 referente,
1464 1190 1598 1240 inter

193 1259 497 1327 exemplaria
555 1277 666 1309 mea
714 1261 880 1308 Cirsii
935 1263 1161 1323 rigentis
1217 1259 1386 1309 denuo
1425 1257 1601 1322 perlu-

189 1341 367 1391 strata,
405 1345 584 1377 revera
632 1325 829 1377 offendi
879 1344 1073 1394 pauca,
1131 1328 1183 1376 in
1236 1325 1351 1377 udis
1389 1324 1602 1376 Michel-

191 1396 382 1458 feldae,
418 1395 508 1445 ubi
559 1397 615 1446 C.
669 1397 970 1445 tuberosum
1013 1396 1233 1459 crescit,
1285 1395 1446 1456 lecta,
1488 1409 1600 1460 quae

193 1463 259 1513 ad
301 1466 401 1519 Cn.
458 1464 1025 1514 taheroso-oleraceum
1059 1465 1274 1514 Scnmnn
1333 1460 1602 1529 quadrant..

189 1530 247 1580 Si
267 1533 422 1597 igitur
446 1533 497 1580 in
519 1543 786 1597 posterum
812 1533 1030 1582 evictum
1053 1531 1226 1596 fuerit,
1256 1531 1314 1581 C'.
1336 1531 1603 1580 bulbosum

193 1617 304 1649 esse
348 1601 547 1649 nonnisi
583 1599 1012 1651 modificationem
1048 1603 1104 1651 C.
1132 1602 1337 1650 acaulis
1361 1600 1412 1648 in
1443 1598 1600 1648 humo

189 1668 406 1733 palustri
461 1667 696 1716 obortam
742 1668 848 1730 (Cf.
876 1669 950 1717 Cl.
980 1671 1231 1720 Konmcnn
1263 1667 1333 1734 pl.
1379 1666 1526 1716 turic.
1551 1665 1604 1714 in

192 1747 317 1784 nota
362 1752 412 1800 p.
442 1733 590 1795 54),
642 1746 760 1781 tunc
788 1737 1038 1783 sententia
1069 1748 1288 1801 utraque
1325 1744 1599 1785 constaret.

193 1832 264 1841 --
301 1803 360 1851 B.
399 1802 729 1851 HEGETscnw.
765 1800 986 1849 eundem
1056 1819 1171 1852 cum
1222 1798 1369 1849 nobis
1419 1801 1479 1850 C.
1525 1803 1605 1848 ri-

197 1873 378 1933 gentis
413 1871 661 1934 originem
700 1880 892 1917 tuetur.
932 1868 1045 1929 (Cf.
1083 1869 1345 1935 Ej.F10r.
1385 1884 1436 1932 p.
1483 1865 1597 1920 804.

194 1937 491 2003 excl.Jacq.
536 1935 700 2000 syn.3)
744 1953 1057 2002 supervacuo
1103 1948 1273 1986 autem
1299 1952 1349 2003 p.
1379 1936 1497 1986 809.
1541 1937 1595 1987 C'.

194 2009 431 2056 oleraceo
446 2008 665 2055 -acaule
718 2007 986 2071 separatim
1006 2003 1281 2056 adducens,
1307 2005 1405 2067 —)

267 2125 438 2190 (Pag.
465 2124 613 2189 297.)
663 2126 714 2188 8)
768 2128 1061 2176 oleraceum
1086 2129 1204 2177 Am„
1248 2124 1278 2189 (
1300 2123 1600 2190 Onotrophe

201 2194 342 2244 Cass.
370 2195 422 2243 in
454 2195 594 2242 Dict.
634 2194 715 2242 36.
754 2191 902 2257 147.)

266 2274 384 2324 Del.
428 2290 537 2337 syn.
575 2272 671 2322 All.

268 2342 315 2391 β.
356 2343 759 2405 integrifolium.

270 2439 319 2472 γ.
355 2419 863 2481 αιηανὲιηῑήαοειιηι5
895 2419 1104 2471 floribus
1139 2423 1429 2489 purpureis,

279 2510 372 2547 Loc.
390 2522 435 2547 n.
455 2510 499 2560 β.
518 2509 634 2546 Circa
651 2508 870 2547 Mauchen
886 2510 939 2546 ad
953 2509 1166 2553 rivulum3
1183 2519 1315 2556 prope
1330 2508 1526 2546 Landser
1541 2505 1598 2541 cl.

203 2574 497 2612 Miinumssncx.
526 2586 574 2620 y.
600 2577 649 2612 In
671 2574 800 2623 pratis
816 2584 946 2622 prope
981 2574 1182 2621 Oberbipp
1209 2575 1312 2611 Rev.
1345 2574 1599 2609 answnnx.

202 2641 249 2676 ln
281 2641 410 2688 pratis
435 2640 681 2677 balnearum
713 2649 841 2687 prope
866 2639 1091 2679 Mallheim
1115 2638 1314 2687 gregatim
1349 2637 1449 2674 Rev.
1474 2634 1597 2671 Iamo.
