1685 2901
228 209 287 252 26
749 212 1084 262 Tss‘rnmnnm.

293 346 459 406 (Pag.
495 339 640 405 139.)
682 340 878 389 Gmmu
907 341 1222 403 pusillumL

287 434 415 482 Huic
443 430 631 479 nomini
661 428 1022 478 substituatur:
1065 429 1127 479 G.
1160 431 1414 494 sylvestre
1455 433 1607 483 Pom..

222 515 270 548 et
307 518 419 567 quae
460 497 843 563 subsequuntur
879 498 938 545 G.
979 500 1303 546 austriacum
1338 510 1389 546 et
1427 500 1489 552 G.
1531 504 1613 550 al·

216 581 391 631 peste-e
441 584 533 633 pro
568 583 669 619 var.
717 563 1135 617 subordinentur.

287 681 444 740 (Pag.
482 675 616 737 141.)
659 671 711 738 6)
737 692 917 723 verum
954 675 1010 723 L.
1054 673 1227 736 (Labr.
1255 673 1374 729 fasc,
1402 676 1539 736 127.)

280 794 322 837 E.
360 786 606 834 Floribus
640 787 973 833 oclcroleucis.
1005 784 1119 832 Del.
1150 801 1257 846 syn.
1283 785 1509 846 WoLFu,
1545 785 1610 834 ad

214 857 430 920 plantam
472 851 733 915 hybridam
779 853 868 915 (ex
895 854 957 902 G.
985 869 1106 900 vero
1134 865 1183 902 et
1208 854 1269 901 G.
1297 853 1606 914 Mollugine)

213 925 471 986 pertinens
506 933 555 968 et
591 937 684 984 pro
721 938 780 968 eo
818 936 1005 986 ponas:
1053 922 1114 969 G.
1146 936 1324 969 verum
1353 926 1399 975 β,
1444 922 1606 971 Gmel.

210 991 325 1038 had.
368 994 429 1044 G.
468 992 825 1038 ochroleucum
866 990 1056 1036 HEGET.

277 1084 324 1114 γ,
359 1057 509 1106 Caule
557 1069 842 1121 tetragono,
873 1056 1002 1103 foliis
1039 1054 1412 1119 asperimdbus,
1464 1058 1607 1119 pani-

209 1126 315 1173 cula
349 1125 701 1174 contractiore.
744 1126 805 1174 G.
835 1123 1194 1172 ochroleucum
1217 1122 1313 1170 Kit.
1353 1120 1493 1185 (vide
1529 1122 1603 1172 Fl.

209 1196 378 1242 Germ.
420 1194 598 1242 exsicc.
647 1190 846 1254 Rchb.)
886 1190 1027 1238 valde
1074 1188 1280 1237 aceedit.

272 1262 307 1310 δ.
343 1278 579 1323 praecox
610 1260 814 1319 LANG113
851 1257 1079 1323 panicula
1104 1273 1302 1320 semper
1327 1268 1602 1320 contracta,

204 1326 414 1377 floribus
447 1329 641 1376 intense
692 1326 856 1390 flavis,
897 1324 1069 1375 odoris
1119 1324 1282 1374 mellei
1308 1324 1600 1390 expertibus

200 1394 618 1458 praecocioribus.

301 1491 392 1524 Loc.
417 1494 504 1525 nat.
554 1498 599 1532 γ.
633 1492 679 1525 In
718 1488 847 1534 pratis
881 1497 1010 1534 prope
1041 1486 1285 1534 Vo'yisheim
1326 1489 1364 1521 et
1402 1485 1599 1521 ininsula

199 1564 328 1598 prope
370 1545 627 1600 ss‘euenbury
672 1555 772 1589 Rev.
817 1554 973 1599 Lang.
1022 1542 1054 1594 δ.
1097 1554 1143 1587 In
1184 1551 1311 1597 pratis
1345 1551 1418 1586 des
1463 1551 1599 1588 Weis-

199 1618 490 1658 sereweffiers,
515 1619 622 1654 circa
655 1617 873 1654 Mauchen
893 1621 931 1653 et
949 1618 1057 1652 inter
1081 1617 1211 1653 Kems
1243 1619 1280 1651 et
1301 1615 1601 1651 Rheinweiler.

200 1683 343 1726 ibique
368 1684 533 1719 abunde
549 1709 557 1725 ,
587 1684 688 1719 Rev.
711 1683 872 1728 Lang-

264 1756 375 1802 Jam
414 1754 532 1801 inde
569 1753 630 1801 ab
666 1755 872 1801 ineunte
903 1753 1030 1799 Maio
1054 1769 1154 1799 var.
1189 1753 1225 1802 ὃ.
1261 1751 1445 1800 florere
1478 1755 1596 1802 inci-

195 1823 301 1883 pit,
359 1820 525 1873 4.-5.
587 1817 932 1867 hebdomades
977 1819 1116 1883 prius
1178 1835 1328 1883 quam
1395 1837 1494 1869 var.
1545 1843 1593 1869 α.

197 1888 345 1935 flores
383 1904 500 1936 suos
539 1886 816 1952 expandat,
854 1903 1076 1951 quocum
1122 1897 1288 1934 tamen
1337 1888 1386 1936 in
1412 1888 1593 1940 eodem

195 1956 301 2003 solo
369 1956 635 2021 provenit,
685 1956 872 2003 semina
935 1966 1130 2002 matura
1185 1953 1290 2017 jam
1333 1954 1590 2021 exhibens,

196 2022 399 2088 quando
437 2023 514 2071 illa
552 2022 703 2071 flores
739 2023 816 2070 vix
849 2020 1097 2070 ostendat.
1140 2021 1220 2071 An
1262 2025 1495 2088 species?

259 2132 423 2194 (Pag.
465 2129 614 2196 143.)
649 2130 702 2192 9)
748 2133 1182 2193 campanulatum
1218 2132 1352 2183 V1111..
1393 2128 1587 2198 (Aspe-

193 2198 300 2248 rula
341 2198 576 2264 galioides
618 2200 688 2250 M.
729 2215 756 2247 a
794 2198 886 2261 Β.)

265 2288 360 2323 Loc.
394 2299 436 2322 n.
467 2287 600 2324 adde:
633 2286 696 2322 Ad
725 2297 847 2332 rupes
873 2296 1001 2331 prope
1025 2287 1155 2322 Kems
1182 2287 1276 2321 bad.

256 2376 426 2443 (Pag,
475 2376 621 2444 144.)
661 2378 743 2441 10)
783 2382 1014 2428 tricor-ne
1050 2380 1216 2433 Wt‘m,

261 2469 353 2503 Loc.
383 2479 427 2503 n.
457 2468 610 2504 addas:
635 2467 745 2503 Inter
770 2471 922 2513 segetes
951 2478 1082 2514 prope
1111 2467 1345 2506 Mallheim.

256 2556 424 2623 (Pag.
465 2558 612 2625 148.)
650 2559 745 2625 17)
780 2561 988 2609 boreale
1026 2562 1083 2609 L.

264 2647 418 2683 Ultimo
452 2653 635 2697 tempore
659 2658 742 2684 non
775 2648 953 2695 amplius
976 2649 1178 2695 apparuit.
