1685 2901
200 176 285 221 260
736 173 1071 217 SYNGENesrA

201 291 344 339 Mult.
368 290 428 336 H.
454 288 652 351 vulgare
674 290 889 343 ΤΑυεοΗ,
913 290 972 335 Η.
998 303 1256 348 cymosum
1278 288 1446 336 Horon
1469 285 1603 353 apud

200 359 392 405 Sturm.
420 358 457 402 Ι.
496 357 572 403 39.

266 421 394 469 Rad.
438 437 725 486 praemorsa.
783 421 948 468 Caulis
993 419 1304 483 scapiformis
1350 419 1439 479 1¹s2
1464 448 1490 457 -
1517 422 1567 468 3‘
1589 456 1603 482 7

204 501 434 549 erectus,
472 486 861 547 crassiusculus,
903 499 1033 534 teres
1073 487 1324 535 fistulosus
1365 487 1605 549 striatus,

200 556 336 620 pube
360 555 650 602 brevissima
682 554 873 601 stellata
905 553 1270 600 tomentosulus
1292 554 1506 619 pilisque
1531 569 1605 600 se-

201 623 321 670 tosis
354 621 531 668 albidis
573 618 748 682 (aetate
784 620 961 683 fulvis)
998 619 1319 685 patentibus,
1359 639 1384 667 e
1424 619 1604 667 tubere

204 689 316 735 culo
339 689 601 751 nigricanti
625 687 1000 750 emergentibus
1029 686 1272 750 hispidus.
1310 687 1449 733 Folia
1476 685 1605 733 radi-

204 756 321 802 calia
353 754 611 817 oblongo-
630 754 898 801 lanceolata
920 752 1024 799 basi
1052 765 1340 816 angustata,
1378 753 1604 799 obsolcte

205 822 449 880 dentata„
504 822 743 884 utrinque
778 820 951 867 setulis
983 818 1265 884 adpressis,
1321 821 1605 884 praesertim

206 890 368 935 carina
400 900 449 934 et
469 886 528 933 ad
553 888 820 948 margines,
851 886 1029 947 obsita,
1068 904 1127 932 ex
1151 886 1291 933 viridi
1309 887 1420 951 plus
1443 887 1604 933 minus

207 954 583 1016 glaucescentia.
636 954 775 1001 Folia
800 953 988 999 caulina
1016 953 1323 1010 conformia,
1360 953 1603 1011 subbina,

204 1022 362 1069 multo
396 1021 613 1081 minora,
651 1020 834 1067 sessilia
876 1019 1261 1083 amplexicaulia.
1315 1020 1491 1066 Flores
1520 1036 1605 1079 cy-

203 1086 661 1147 moso—corymlmsi
684 1086 928 1144 conferti,
967 1087 1115 1132 ramis
1150 1085 1456 1150 quandoque
1490 1086 1605 1132 late-

204 1154 422 1214 ralibus,
459 1153 599 1214 ssavi,
641 1156 914 1204 7-10-20
955 1164 1005 1199 et
1046 1152 1208 1210 ultra,
1251 1169 1402 1215 quam
1444 1153 1491 1198 in
1528 1169 1601 1216 sq.

204 1238 380 1285 parum
410 1220 639 1283 majores,
665 1219 918 1283 pedicellis
944 1217 1184 1264 anthodio
1211 1218 1603 1265 subminoribus.

208 1288 372 1335 Caulis
413 1303 714 1349 supremus,
767 1303 881 1332 cum
923 1284 1223 1348 pedunculis
1261 1283 1604 1349 anthodioque

205 1353 515 1413 atro-viridi,
557 1365 900 1413 tomentosus‚
938 1351 1048 1414 pilis
1082 1350 1251 1413 rigidis
1287 1350 1491 1399 demum
1529 1351 1607 1398 ni-

207 1419 553 1484 grescentibus
573 1419 876 1483 simplicibus
896 1417 969 1466 vel
990 1417 1332 1479 glanduliferis
1354 1418 1604 1465 obsessus.

204 1488 427 1536 Achenia
455 1487 611 1549 nigra.
630 1515 696 1522 —
721 1486 953 1534 Stolones
980 1485 1053 1530 vel
1080 1483 1475 1549 procumbentes
1503 1496 1605 1532 ste-

205 1555 338 1613 riles,
378 1553 450 1600 vel
477 1552 807 1614 adsurgentes
841 1551 1068 1610 floriferi,
1091 1551 1306 1599 subinde
1334 1551 1606 1599 adsunt.—

203 1622 342 1668 Folia
368 1619 707 1683 primordialia
727 1620 1028 1683 plerumque
1051 1617 1379 1666 hirsutissima
1400 1630 1605 1666 sunt.—

208 1686 463 1747 Corymbo
507 1702 708 1746 cymoso
742 1704 765 1731 a
795 1685 990 1731 duabus
1016 1701 1123 1748 seq.
1176 1687 1363 1748 optime
1413 1685 1605 1731 discer-

205 1755 359 1800 nitur.
383 1782 447 1788 -
466 1753 580 1799 Var.
617 1751 742 1798 foliis
772 1750 1031 1800 latioribus
1067 1762 1116 1798 et
1145 1750 1517 1815 angustioribus
1549 1765 1603 1796 ac

206 1820 388 1866 florum
418 1835 645 1865 numero.

295 1925 340 1960 In
369 1922 491 1958 muris
512 1920 687 1965 antiquis
716 1921 878 1965 passim.
907 1919 1018 1957 Infra
1039 1929 1168 1957 arcem
1197 1920 1448 1967 Schauenburg.
1476 1920 1520 1956 In
1545 1921 1600 1957 M.

205 1981 353 2018 Mutati
392 1979 515 2025 pratis
542 1987 647 2014 retro
674 1989 802 2013 arcem
831 1982 1015 2014 exterior.
1043 1989 1179 2014 versus
1207 1980 1364 2014 Pratteln
1387 1980 1603 2023 spectanti.

205 2041 291 2074 bus.
321 2038 445 2081 Prope
469 2037 671 2074 .A1·lesheim
695 2044 734 2072 et
759 2036 886 2071 Riehen
907 2035 1039 2071 eundo
1066 2046 1203 2073 versus
1226 2037 1419 2082 Inzh‘ngen.
1449 2036 1602 2073 Passim

205 2097 246 2132 in
275 2095 475 2132 montanis
501 2094 609 2139 pagi.
637 2094 851 2138 „lum-Aug.
881 2091 941 2142 ἒξ..

276 2181 302 2240 (
320 2184 379 2229 H.
395 2191 648 2244 pratense
670 2183 865 2229 TAUscn
894 2193 927 2228 t.
959 2183 1079 2232 Rev.
1102 2184 1242 2230 LANG
1272 2181 1406 2227 circa·
1430 2183 1599 2228 Mall-

206 2254 343 2296 hec'm
364 2248 660 2312 proveniens
682 2248 760 2293 vix
778 2249 973 2295 nonnisi
996 2248 1122 2295 foliis
1141 2247 1382 2294 viridibus
1407 2245 1597 2301 differt.

209 2316 360 2362 Color
383 2315 615 2361 foliorum
638 2331 771 2360 mere
796 2314 960 2362 viridis
987 2316 1064 2362 vix
1083 2314 1352 2379 praevalere
1374 2315 1562 2378 poterit
1585 2348 1600 2374 ,

209 2399 366 2446 quum
385 2383 566 2445 stirpes
597 2380 987 2442 glaucescentcs‚
1012 2399 1139 2446 quae
1163 2399 1222 2429 ex
1244 2381 1353 2427 loco
1380 2381 1599 2426 calcareo

207 2450 256 2494 in
277 2448 484 2494 humum
513 2447 584 2493 vel
613 2447 774 2493 solum
796 2464 1110 2512 mal-gaceum
1143 2447 1569 2511 transplantantur
1586 2481 1600 2504 ‚

209 2514 347 2562 facile
371 2513 570 2562 tandem
583 2513 808 2580 perfecte
827 2517 1090 2578 virescant,
1109 2514 1160 2564 id
1173 2513 1313 2582 quod
1331 2513 1465 2576 olim,
1480 2511 1600 2561 dum
