1685 2901
168 203 250 250 166
642 200 1089 246 TETRADYNAM¹A

163 315 532 386 pinnatifidisve
568 316 753 365 laciniis
796 315 1004 379 integris
1044 312 1427 374 obtusiusculis,
1466 311 1565 360 sive

164 403 346 452 parum
390 385 641 446 dentatis,
697 399 896 431 necnon
950 380 1114 440 calyce
1159 381 1339 429 rariter
1375 380 1567 445 piloso,

167 453 480 518 floribusque
531 450 827 500 minoribus.
886 450 947 497 A.
994 450 1077 496 ΒΡ.
1123 449 1448 496 Cheirantlzo
1495 446 1570 494 so-

167 521 242 568 liis
281 519 590 568 laeviusculis
614 554 628 581 ,
680 506 995 584 pedunculo⁰
1021 514 1247 580 siliquam
1295 525 1567 580 superante

166 599 335 636 rostro
361 587 585 651 longiore
620 586 965 645 terminatam,
1003 582 1168 642 calyce
1197 581 1351 647 duplo
1375 583 1569 630 minore

166 653 393 720 undique
423 654 645 702 breviter
671 653 859 717 piloso,
896 668 988 698 nec
1024 649 1181 714 apice,
1197 649 1439 713 barbato,
1479 647 1570 696 de·-

166 723 320 787 nique
359 722 532 787 petalis
572 720 732 768 multo
770 718 1066 767 minoribus.

258 812 374 850 Circa
398 810 565 853 Neudorf'
584 822 623 849 et
648 814 855 857 Huningam
880 811 919 845 in
949 807 1128 846 arenosis
1154 816 1194 845 et
1218 806 1267 843 ad
1292 815 1470 852 aggeres.
1514 805 1570 842 Ad

166 870 324 907 Birsam
352 880 391 908 et
418 871 599 906 Rhenum
626 870 790 915 passim.
818 868 1009 909 sut-Oct.
1037 862 1106 917 O.
1128 863 1186 917 ὅ*

233 943 295 1006 2)
333 944 614 1005 cenaifolia
638 943 786 1003 ].)C.-,
827 940 1026 1006 glabra,
1065 940 1254 1005 siliquis
1279 937 1573 1003 substipita-

165 1011 229 1057 tis
262 1011 499 1070 arrectis,
539 1010 666 1058 foliis
697 1010 944 1075 supremis
979 1009 1216 1072 integris,
1254 1006 1432 1053 infimis
1465 1005 1574 1069 pin-

165 1076 418 1139 natifidis,
453 1077 639 1124 laciniis
679 1076 948 1124 linearibus
991 1075 1199 1138 integris
1237 1071 1572 1139 pinnatilidis-

168 1161 319 1196 ve...
357 1146 418 1192 H.
461 1143 575 1195 461.
616 1141 643 1168 ᾗ
681 1146 873 1205 Sinapi
907 1161 1069 1190 erzccce
1093 1144 1251 1204 folio.
1302 1143 1357 1189 C.
1402 1142 1465 1194 B,
1508 1141 1569 1186 P.

168 1211 249 1259 99.
289 1209 521 1274 (Forsan
547 1223 596 1258 et
622 1209 685 1257 ad
708 1209 889 1276 prius)
926 1210 1148 1256 Brassica
1178 1208 1381 1256 muralis
1413 1209 1568 1254 Huns.

167 1277 411 1339 Sisymbr.
446 1278 764 1325 tenuisolium
789 1280 844 1327 L.
871 1279 985 1325 Sor.
1015 1276 1229 1337 Erysim.
1253 1273 1573 1322 tenuifolium

168 1345 373 1393 CLAmv.
424 1345 553 1392 Bull.
601 1357 635 1392 t.
679 1347 791 1394 335.
842 1347 888 1393 J.
948 1345 1002 1392 B.
1043 1345 1104 1391 H.
1153 1344 1218 1390 II.
1260 1359 1308 1408 p.
1358 1341 1470 1389 861.
1509 1340 1567 1387 ic.

167 1412 353 1460 Fuchs.
391 1414 452 1459 H.
490 1413 606 1460 262.
645 1413 704 1459 ic.

234 1479 411 1527 Planta
445 1478 613 1543 glabra
640 1494 817 1544 sapore
860 1477 980 1530 acri,
1023 1477 1191 1525 Caulis
1230 1478 1338 1525 1-21
1362 1473 1575 1523 adscen-

169 1542 294 1592 dens
319 1563 560 1594 ramosuS.
590 1547 727 1594 Folia
761 1544 1142 1608 glaucescentia,
1169 1543 1407 1591 inferiora
1435 1541 1567 1590 vario

166 1611 321 1660 modo
345 1612 665 1677 pinnatifida,
703 1612 883 1660 foliolis
919 1610 1425 1671 lineari—lanceolatis,
1463 1609 1574 1655 lon-

167 1678 394 1741 gioribus
443 1680 761 1727 brevioribus
786 1714 804 1738 ,
858 1679 1068 1742 integris
1110 1677 1187 1725 vel
1225 1675 1571 1734 denticulatis,

168 1746 345 1810 impari
386 1745 686 1813 plerumque
734 1746 983 1808 elongato.
1045 1745 1250 1793 Racemi
1287 1741 1571 1791 terminales

168 1812 304 1876 longi
351 1813 462 1860 laxi.
509 1814 684 1865 Flores
719 1812 882 1860 citrini
916 1810 1090 1871 odori,
1128 1810 1304 1876 petalis
1345 1808 1572 1857 obovatis

169 1879 334 1941 calyce
373 1879 697 1944 pilosiusculo
735 1879 846 1944 plus
885 1877 1039 1942 duplo
1083 1877 1409 1941 longioribus.
1461 1875 1574 1925 Sili-

171 1963 299 2011 quae
330 1946 575 2010 oblongae
600 1961 916 2010 compressae
950 1943 1254 2008 pedicellum
1283 1956 1573 2007 erecto-pa·-

168 2024 363 2061 tentem
399 2013 787 2078 subaequantes.
847 2010 970 2074 (Cf.
1010 2010 1248 2078 descript.
1283 2011 1408 2060 Ach.
1436 2011 1571 2074 Mieg

170 2080 220 2127 in
255 2080 380 2128 Hall.
419 2081 580 2146 Epist.
619 2081 704 2130 IV.
743 2097 792 2144 p.
837 2078 990 2144 100.)

214 2208 220 2215 ‚
261 2170 376 2209 Circa
405 2179 443 2208 et
470 2170 578 2208 infra
603 2168 772 2216 Neudorf.
803 2170 849 2206 In
877 2172 1009 2216 agris,
1038 2171 1086 2206 ad
1113 2171 1224 2215 vias,
1251 2171 1292 2207 in
1321 2169 1484 2207 fimetis.
1514 2171 1573 2208 Ad

172 2227 359 2266 Wiesam
384 2230 426 2267 C.
448 2229 492 2266 B.
516 2238 545 2266 t.
567 2230 706 2266 Hall.
768 2229 827 2264 Ad
855 2228 1037 2264 Rhenum
1073 2227 1178 2266 infra
1217 2240 1380 2275 parvam
1420 2229 1573 2266 Hunin-

173 2297 265 2332 gam
291 2297 425 2328 versus
450 2286 588 2326 Merkt.
615 2287 830 2332 Jun.-Aug.
852 2283 909 2336 (ζ’.
935 2284 995 2335 24.

235 2401 508 2450 Enrsnimm.
531 2402 645 2450 Cal.
685 2399 896 2449 clausus.
925 2401 1133 2464 Siliqaa
1159 2413 1420 2466 tetragona
1445 2401 1571 2466 stig-

171 2492 303 2529 mate
328 2492 561 2531 truncato
587 2492 672 2530 aut
692 2479 881 2531 bilobo.
921 2482 1059 2532 Sem.
1099 2482 1348 2535 1-serialia
1373 2482 1569 2530 immar-

175 2572 352 2624 ginata.
