1685 2901
576 146 961 191 ERRATA.
1386 138 1471 186 537

61 269 156 314 Pag.
180 266 261 303 356.
290 264 361 301 lin.
384 263 404 300 7
432 274 552 310 supra
576 263 698 299 finem
716 288 727 305 ‚
755 269 826 306 pro
848 257 996 295 calcari
1027 257 1052 293 l.
1077 255 1248 293 calcare.

105 346 150 353 —
175 325 260 363 381.
286 324 359 361 lin.
387 324 455 367 11,
485 323 644 368 signum
667 326 679 363 )
704 321 887 356 deleatur
907 323 999 362 post
1018 316 1184 351 verbum
1201 313 1413 352 Ruhrhard
1434 319 1473 349 et

467 390 641 427 ponatur
661 386 753 424 post
777 375 981 413 Ha11.l.c.

105 464 151 471 —
175 443 261 481 400⁴
301 443 343 479 in
372 442 521 484 titulo,
548 441 638 476 loco
674 437 870 474 Triandria
897 435 1010 480 lege:
1046 434 1245 470 Monoecia.

105 521 151 532 ·-
176 502 260 539 431.
291 502 360 537 lin.
381 501 402 538 9
425 511 446 535 a
465 499 545 536 fine
561 527 570 543 ‚
600 509 673 544 pro
697 496 835 534 Caulis
862 496 888 531 1.
912 494 1073 531 Caules·

106 581 152 590 -
173 561 264 602 2439,
288 561 358 596 lin.
380 561 421 597 10
447 568 538 595 ante
565 549 803 615 signum'b.
830 554 856 592 1.
880 554 974 598 Apr.
997 551 1096 588 Mai.

106 641 152 649 —
178 619 267 656 441.
293 620 367 656 lin.
390 617 411 654 5
435 630 455 655 a
474 617 578 662 fine,
609 626 681 661 pro
704 613 981 651 strobulorum
1013 609 1042 648 1.
1063 607 1338 646 strobilorum.

107 699 153 710 -
180 676 266 719 445.
295 678 367 715 lin.
391 676 460 715 11,
512 685 586 721 pro
620 671 790 711 masculi
827 669 856 709 1.
892 668 1080 709 masculae
1117 675 1155 704 et
1187 676 1260 713 pro
1296 662 1478 702 foeminei

468 732 683 773 foemineae.

109 816 152 825 -
176 794 264 836 4217.
292 793 364 831 lin.
388 793 430 831 12
450 803 471 830 a
491 791 568 829 fine
589 801 686 838 pro:
719 788 782 827 vel
804 795 842 826 et
860 784 985 825 ternis
1005 793 1137 831 pone:
1164 782 1226 820 vel
1249 788 1287 819 et
1306 779 1478 818 amentis

469 857 506 889 et
526 848 637 888 foliis
659 846 798 887 ternis.

112 934 157 944 -
179 908 268 953 453.
296 911 367 949 lin.
395 910 416 946 S
438 920 459 947 a
482 908 586 953 fine,
619 917 692 954 pro
723 903 1064 954 patenti-ramosa
1098 901 1210 946 lege:
1242 897 1483 947 patenti-ra-

472 976 625 1005 mosus·

110 1051 156 1059 —
178 1028 265 1068 2465.
292 1028 363 1065 lin.
385 1026 639 1074 penultima,
671 1035 743 1071 pro
762 1025 1005 1068 bracteoque
1034 1019 1060 1057 l.
1082 1020 1347 1062 bracteaeque.

108 1109 158 1121 ·--
178 1088 268 1129 489.
299 1086 371 1126 lin.
394 1087 416 1124 8
442 1093 534 1123 ante
558 1083 707 1127 finem,
733 1093 805 1129 pro
828 1081 1009 1119 oralibus
1034 1080 1059 1117 1.
1082 1075 1329 1117 verbalibus.

111 1171 157 1178 —
179 1148 259 1187 521.
287 1147 359 1186 lin.
382 1147 402 1186 6
426 1155 548 1193 supra
567 1143 716 1187 finem,
743 1152 818 1189 pro
840 1142 977 1179 Stutm
996 1139 1030 1177 1.
1062 1140 1089 1175 1.
1107 1138 1244 1176 sturm
1261 1133 1294 1173 1.
1310 1132 1348 1171 7.
