1685 2901
586 157 590 161 ⁴
620 175 928 223 nmmum
1382 169 1475 224 145

74 300 257 349 ioliolis
280 300 541 368 oblongis3
569 317 761 350 summa
784 301 1023 365 simplicia
1045 298 1276 349 obovata.
1299 297 1477 349 Flores

72 369 299 418 breviter
322 338 670 437 pedunciilati,
707 368 913 417 solitarii
955 368 1026 416 vel
1053 370 1257 432 gemini,
1291 367 1476 432 magni,

71 438 233 500 aurei,
278 437 564 501 bracteati,
603 437 782 487 vexillo
823 439 1038 486 maximo
1081 449 1252 486 eiecto
1295 448 1479 486 rotun-

72 505 222 567 dato,
267 508 351 556 alis
400 509 667 573 porrectis,
731 507 1012 572 Legumina
1048 504 1267 571 oblonga
1307 502 1478 571 glabra

72 592 359 641 compressa
386 578 674 642 nigerrima,
703 575 881 638 einata,
905 575 1241 641 polysperma.
1275 575 1478 624 Semina

69 655 214 693 ovata
259 661 563 712 compressa.

141 732 186 768 ln
208 732 348 770 insula
367 734 508 771 Rheni
525 742 655 780 prope
679 731 938 780 Neuenbury
957 732 1187 769 rarissime.
1223 730 1294 780 (In
1310 728 1477 768 Alsatiae

66 798 279 834 montrbus
311 798 421 834 etin
455 799 574 848 sylva
608 798 727 844 nigra
758 795 985 845 abundat.)

157 881 339 946 (Pag.
383 884 547 948 203.)
617 883 699 934 Cf.
754 896 924 933 notam
971 882 1031 931 ad
1071 884 1345 934 Onomnmu
1392 899 1477 929 re-

65 960 276 1011 pentem
320 954 376 999 L.

134 1016 373 1081 (Omnia
411 1035 504 1084 pro
553 1022 615 1071 O.
642 1022 853 1067 hircina
891 1021 1032 1075 JACQ.
1076 1019 1149 1066 vel
1193 1037 1218 1065 e
1266 1022 1474 1082 regione

64 1098 237 1135 nostra
278 1087 353 1136 vel
407 1086 609 1135 aliunde
655 1086 903 1153 expatria
929 1087 1097 1135 oblata
1135 1085 1283 1134 nobis
1310 1089 1478 1151 speci-

62 1155 194 1203 mina
234 1154 298 1205 ad
337 1158 401 1208 Ο.
446 1166 715 1219 repentem
746 1167 990 1220 spectant.
1031 1184 1098 1193 --
1145 1156 1252 1204 Nec
1307 1155 1472 1207 inM.

65 1226 415 1274 Kaiserscahl
447 1224 634 1286 existit,
675 1224 749 1271 uti
771 1222 926 1272 habet
951 1225 1226 1275 Gmnnmus.
1269 1251 1330 1261 —
1370 1223 1478 1271 Ge-

61 1292 216 1340 nuina
274 1292 442 1358 planta
494 1309 520 1340 e
573 1291 755 1340 Carnia
811 1290 1039 1339 inferiori
1104 1290 1251 1339 nobis
1324 1292 1476 1338 missa

60 1358 257 1408 recedit
282 1359 464 1408 foliolis
489 1372 638 1408 acute
667 1360 891 1421 serratis,
929 1358 1146 1408 bracteis
1176 1356 1472 1423 maj0ribus‚

61 1427 273 1477 {loribus
319 1427 578 1477 axillarum
619 1427 921 1476 inferiorum
960 1427 1281 1493 plerumque
1310 1429 1472 1491 gemi-

61 1496 170 1557 nis,
210 1512 385 1545 versus
415 1496 568 1545 caulis
589 1513 952 1562 ramorumque
989 1497 1181 1562 apicem
1208 1496 1257 1544 in
1283 1496 1472 1561 spicam

62 1563 170 1614 fere
209 1564 610 1631 pyramidalem,
647 1563 932 1627 collectis.)

126 1665 296 1731 (Pag.
323 1665 477 1733 206.)
514 1669 779 1716 LAansz
802 1670 1043 1717 hirsutus
1073 1667 1130 1716 L.

132 1757 228 1793 Loc.
257 1766 302 1792 n.
329 1755 457 1794 adde:
486 1757 598 1794 Inter
623 1759 778 1805 segetes
800 1765 933 1803 prope
960 1754 1188 1793 Milllkeim
1207 1757 1247 1792 et
1265 1753 1466 1807 Lippuvrq.

124 1840 186 1905 6)
224 1843 497 1891 tuberosus
526 1843 585 1895 L.

126 1924 193 1970 lc.
232 1921 468 1977 Labram.
512 1923 629 1977 fasc.
659 1925 739 1978 86.

134 2011 228 2047 Loc.
257 2021 301 2047 n.
323 2010 450 2049 adde:
479 2012 527 2047 In
553 2012 664 2059 agris
679 2017 776 2050 ante
792 2017 955 2060 portam
983 2013 1034 2048 1).
1058 2010 1214 2048 Albani
1229 2008 1347 2056 juxta
1370 2010 1467 2045 dem

62 2080 276 2124 Hartweq.
308 2077 442 2123 Prope
467 2078 680 2121 Reium-lu
712 2089 838 2125 supra
871 2078 1029 2115 Gruek.
1061 2077 1194 2122 Prope
1223 2073 1464 2111 Miillhez'm.

126 2140 236 2203 (Ο.
266 2144 576 2205 tenuifolius
608 2145 1142 2208 Ro'r11.Tent.3.p.
1190 2142 1304 2191 171.
1349 2138 1466 2188 folia

59 2210 264 2258 linearia
302 2212 592 2275 angustiora
619 2212 843 2274 exhibet,
881 2229 1033 2281 quam
1064 2221 1237 2259 nostra
1269 2224 1371 2256 var.
1394 2212 1438 2260 β.
1427 2243 1464 2267 .,

59 2295 176 2326 cum
215 2281 276 2326 Ο.
313 2282 510 2342 gracili
544 2281 704 2330 GAun.
728 2283 883 2347 magis
915 2281 1259 2340 convenien53
1295 2288 1461 2326 tamen

60 2348 138 2395 vix
182 2345 276 2394 alio
309 2345 463 2395 modo
501 2346 791 2414 diversus.)

127 2446 302 2512 (Pag.
329 2448 473 2512 207.)
512 2448 566 2512 8)
604 2454 882 2518 sylvestris
909 2453 964 2500 L.

132 2537 227 2573 Loc.
256 2546 300 2573 n.
330 2535 460 2574 adde:
491 2536 555 2574 Ad
586 2546 723 2577 arcem
755 2540 1063 2578 Badenweiler.

131 2621 293 2687 (Pag.
332 2623 482 2688 208.)
520 2622 580 2690 9)
615 2627 878 2691 latifolius
917 2628 971 2674 L.
