1685 2901
219 181 308 229 136
713 181 1091 227 TETRAnvMiuA.

297 307 353 353 In
387 305 431 352 Β.
468 304 591 352 rami
629 303 849 353 axillares
876 305 1019 370 pauci
1060 301 1242 350 adsunt
1275 299 1446 348 solium
1483 300 1601 348 sub—

213 384 501 439 aequante53
543 372 728 420 semina
762 372 897 420 fusca
924 371 1223 437 marginata.
1246 367 1413 416 Dubia
1439 381 1601 416 tamen

214 442 345 489 civis.
377 470 441 477 --
479 441 538 488 In
567 457 612 490 y·
655 442 776 489 rami
809 440 1034 488 axillares
1070 439 1361 504 frequentes
1406 438 1601 501 conspi—

212 511 414 558 ciuntur
455 507 572 556 folio
615 507 879 572 longiores.
919 508 1118 556 Semina
1145 518 1358 555 testacea
1384 541 1396 564 ,
1434 502 1602 551 itidem

213 580 556 640 marginata,
593 575 681 624 sed
716 576 1082 641 angustissime.

285 665 379 701 Loc.
409 674 452 699 n.
481 669 524 703 Ὑ-
554 664 615 701 Ad
647 665 841 701 Wicsam.

292 730 360 777 (A
394 728 760 777 brassicaesormis
785 730 954 764 WALLn.
975 727 1170 775 (Brassica
1187 728 1330 774 alpina
1355 727 1418 773 L.)
1438 728 1480 762 in
1503 725 1604 761 vane

209 794 366 832 occurit
388 804 520 841 prope
547 795 774 832 Gebweiler
801 798 909 830 retro
938 794 1056 830 ΒᾶΙιὶ
1080 797 1108 828 t.
1137 794 1200 829 (31.
1227 790 1545 836 Μϋιιιι-ῑκιιεεκ.)

275 879 442 943 (Pag.
475 880 614 942 175.)
655 882 892 930 Timauus
922 880 1116 942 glabra
1146 879 1201 926 L.

275 949 342 996 Ic.
386 946 547 997 Rchb.
591 949 621 995 Ι.
664 965 702 1000 c.
757 945 788 997 f.
828 945 976 1000 4346.

282 1035 377 1070 Loc.
403 1046 447 1071 n.
475 1035 602 1071 adde:
633 1038 678 1070 ln
704 1036 911 1072 umbrosis
941 1034 1080 1075 collis,
1118 1034 1191 1079 qui
1219 1035 1367 1068 saltum
1387 1035 1603 1079 sumacen-

208 1104 289 1136 tem
316 1100 368 1135 ab
400 1101 509 1147 agris
543 1101 809 1150 Wylensibus
841 1103 1015 1146 separat.
1066 1098 1124 1134 Ad
1150 1099 1327 1133 Wiesam
1360 1107 1497 1134 versus
1529 1098 1603 1133 cler

208 1165 392 1201 Bleiche.
421 1165 554 1210 Prope
580 1165 818 1200 Miillheim.
856 1164 1013 1209 (variat
1026 1163 1138 1198 foliis
1158 1162 1599 1210 radicalibuslyratis.)

274 1250 443 1311 (Pag.
476 1247 622 1312 176.)
657 1249 781 1296 Post
823 1249 1126 1296 BnAssmAm:

273 1329 299 1354 ἦ
335 1330 535 1379 Semina
572 1328 777 1395 globosa
816 1330 1068 1391 (Brassica
1107 1326 1182 1375 ΕΙ.
1208 1326 1370 1386 Frib.)

270 1413 311 1459 1.
349 1413 583 1461 BRAssmA
646 1414 832 1476 Napus
865 1412 1088 1473 oleifiera
1127 1410 1238 1460 Dc.

272 1481 340 1527 Ic.
392 1479 554 1528 Rchb.
601 1479 630 1526 Ι.
675 1497 718 1528 c.
769 1479 801 1526 f.
843 1477 991 1528 4435.
1037 1504 1082 1533 α,
1112 1489 1161 1525 et
1185 1486 1230 1533 β,

269 1562 334 1610 ΙΙ.
358 1562 413 1610 Β.
439 1565 596 1625 Rapa
623 1562 847 1623 oleisera
866 1561 976 1608 DC.
1001 1561 1055 1607 B.
1079 1558 1369 1623 campestris
1397 1558 1598 1605 oleisera

204 1629 315 1679 DC.
341 1628 506 1678 Gaud.
529 1646 643 1676 cum
666 1646 762 1676 var.
787 1625 836 1692 †.
868 1627 1074 1676 oleifera
1096 1629 1376 1676 Brassicae
1399 1628 1595 1688 Rapae.

204 1695 414 1743 Rchb..l.
432 1714 473 1743 c.
498 1696 532 1743 f.
555 1694 701 1748 4434.
733 1721 776 1746 α,
807 1706 858 1742 et
881 1705 927 1751 β,
958 1708 1008 1742 et
1041 1697 1121 1758 fig.
1150 1693 1297 1743 4437.
1322 1718 1366 1746 α.
1409 1692 1595 1753 (var.)

282 1783 461 1828 Utraque
499 1782 674 1823 colitur,
711 1781 778 1816 vel
807 1779 953 1817 eodem
980 1791 1092 1816 anno
1123 1784 1207 1815 sata
1242 1784 1280 1815 et
1308 1783 1595 1817 maturescens.

204 1847 270 1884 vel
303 1850 507 1883 autumno
538 1849 625 1883 sata
661 1849 701 1881 et
730 1854 826 1881 vere
856 1845 1021 1889 subseq.
1053 1843 1106 1880 ad
1138 1843 1413 1879 maturitatem
1451 1852 1596 1889 perve—

202 1911 324 1948 niens
355 1909 462 1962 Hinc
477 1903 532 1960 Θ
552 1913 592 1945 et
609 1903 670 1956 (ζ’.
699 1910 749 1947 Β.
769 1909 892 1954 Rapa
909 1908 1133 1955 praecocius
1149 1908 1282 1944 floret.
1301 1927 1349 1933 —-
1366 1908 1594 1954 Saepissime

204 1976 247 2010 in
275 1975 433 2011 inculta
458 1973 754 2020 transfugiunt.

270 2045 540 2110 (Auctore
589 2047 781 2095 Kocmo
828 2047 887 2092 Β.
934 2047 1243 2109 campestris
1271 2046 1312 2093 L
1359 2060 1498 2093 suec.
1543 2060 1592 2093 et

204 2113 335 2181 lapp.
380 2126 457 2163 est
501 2114 698 2163 nonnisi
729 2116 790 2164 B.
826 2115 983 2176 Rapa
1008 2129 1200 2172 annua,
1241 2113 1371 2162 inter
1395 2126 1590 2177 segetes

204 2194 384 2248 sponte
433 2181 607 2246 obvia,
644 2179 810 2231 radice
849 2181 960 2228 exili
998 2180 1290 2241 instructa.)

267 2281 434 2347 (Pag.
467 2282 612 2347 177.)
647 2281 694 2305 ”¹
711 2282 910 2331 Semina
950 2294 1092 2330 ovata
1116 2281 1190 2329 vel
1217 2280 1430 2346 oblonga
1460 2300 1588 2330 eom-

201 2351 553 2416 pressiuscula.
591 2348 620 2413 (
635 2351 964 2399 Erucastrum
987 2350 1061 2404 Fi.
1086 2348 1261 2413 Frib.)

218 2469 220 2472 -
270 2436 323 2495 3)
359 2435 710 2482 Erucastrum
752 2432 807 2478 L.
847 2432 977 2479 Huic
1020 2430 1402 2480 substituatur:·

267 2512 322 2574 3)
346 2516 592 2562 ΡοίἰίοΙιίἰ
612 2511 1123 2575 Snurnnwonrnfin
1149 2513 1305 2575 Mag.
1332 2514 1404 2574 of.
1438 2513 1579 2561 Zool.

203 2582 315 2630 and
343 2583 458 2631 Boc.
482 2584 558 2630 ΙΙ.
587 2579 765 2642 531.);
806 2579 929 2629 foliis
967 2578 1221 2646 profunde
1262 2576 1581 2645 pinnatifidisl.
