1685 2901
481 592 785 651 Benevolo
831 588 1064 648 lectori.

218 758 280 816 IN
339 759 648 810 elaborando
707 760 862 809 hocce
926 756 1215 824 spicilegio,
1271 755 1488 804 instituti

84 844 292 895 antehac
352 846 449 910 jam
512 842 658 891 nobis
716 840 965 908 propositi
1013 840 1301 899 rationem,
1371 836 1488 884 licet

77 928 298 977 scientiae
316 942 594 993 progressu
637 925 756 972 satis
790 921 1180 985 labefactatam,
1240 921 1346 969 sine
1387 917 1488 967 ulla

78 1023 248 1060 tamen
286 1005 569 1059 mutatione
608 1023 811 1056 servare
839 1006 1108 1055 statuimus
1129 1040 1144 1068 ,
1179 1018 1339 1070 quum
1368 1000 1489 1049 alio-

79 1093 204 1159 quin
223 1092 376 1142 Flora
405 1107 509 1140 non
536 1089 701 1139 solum
727 1086 1045 1139 emendanda
1071 1124 1085 1151 ‚
1122 1084 1216 1136 sed
1254 1082 1485 1134 funditus

74 1173 397 1225 retractanda
435 1174 646 1236 fuisset,
701 1171 766 1220 ad
805 1170 951 1239 quod
989 1170 1182 1219 animus
1203 1168 1369 1217 minus
1395 1164 1485 1214 de-

77 1256 203 1321 fuit,
240 1274 393 1324 quam
430 1257 592 1305 otium
636 1266 687 1302 et
724 1255 877 1311 vires,
925 1283 992 1292 -—
1024 1250 1200 1302 Rebus
1242 1251 1311 1299 ita
1346 1265 1486 1297 com—

74 1339 302 1406 paratis,
341 1336 404 1386 de
454 1338 560 1403 agri
597 1335 879 1384 basiliensis
926 1332 1141 1393 divitiis,
1192 1329 1485 1381 assiduitate

77 1422 386 1482 amicorum,
443 1417 675 1485 (quibus
716 1428 767 1465 et
810 1415 891 1464 hic
934 1432 1026 1465 nos
1070 1413 1483 1464 obstrictissimos

75 1500 440 1571 profitemur),
473 1517 641 1567 nuper
676 1512 944 1566 tantopere
971 1497 1227 1560 adauctis,
1265 1493 1485 1544 fideliter

77 1582 432 1636 enumerandis
479 1585 636 1648 magis
681 1582 882 1631 solliciti
934 1580 1156 1643 fuimus,
1219 1594 1372 1646 quam
1418 1573 1481 1623 de

71 1668 297 1718 materiae
332 1665 512 1721 forma.
587 1665 833 1715 Ceterum
870 1675 922 1713 et
964 1662 1062 1712 hoc
1107 1663 1158 1711 in
1201 1661 1313 1710 loco
1351 1675 1482 1708 non-

70 1751 166 1799 nisi
191 1765 271 1799 eas
304 1765 400 1815 pro
425 1746 617 1816 civibus
655 1746 942 1813 recepimus
979 1747 1164 1812 stirpes
1182 1779 1198 1808 ,
1238 1757 1363 1810 quas
1387 1742 1482 1808 ipsi

73 1831 461 1881 examinavimus
504 1845 826 1897 quarumque
862 1827 1136 1894 specimina
1178 1826 1230 1875 in
1270 1823 1480 1890 proprio

72 1914 309 1964 herbario
353 1923 651 1963 conservata
694 1923 945 1979 prostant.

208 1994 366 2061 Quod
412 1994 826 2062 supplementum
881 1991 979 2041 hoc
1028 1991 1133 2058 jam
1169 1989 1374 2054 viginti,
1429 1999 1479 2035 et

72 2076 217 2146 quod
239 2076 468 2140 excedit,
511 2068 711 2126 menses
748 2075 893 2143 prelo
918 2072 1244 2135 mandatum,
1284 2085 1427 2120 mora
1452 2086 1479 2116 a

65 2159 213 2210 nobis
239 2159 397 2209 aliena
433 2157 628 2209 tamdiu
672 2156 991 2208 retardatum
1032 2156 1118 2217 sit,
1154 2151 1296 2203 valde
1333 2150 1477 2202 dole—

72 2257 205 2293 muS.
276 2241 481 2306 Quare,
532 2241 573 2289 si
627 2240 678 2288 in
719 2239 968 2308 opusculo
1013 2236 1360 2287 recentiorum
1396 2235 1474 2284 in-

68 2335 217 2374 venta
240 2333 291 2371 et
325 2321 703 2372 observationes
740 2323 926 2389 passim
963 2318 1256 2380 desidereS,
1312 2315 1366 2367 id
1409 2334 1474 2369 ne

71 2405 166 2457 soli
209 2404 431 2456 auctoris
471 2403 793 2471 negligentiae
830 2405 1078 2472 imputes,
1116 2416 1369 2468 rogamus,
