1685 2901
213 182 267 228 6-'1
741 175 1087 221 POLYANnmA

215 300 418 347 striatus
455 293 640 359 glaber.
675 292 783 339 Fol.
816 290 921 338 rad.
961 291 1106 353 longe
1128 289 1362 354 petiolata
1394 299 1609 346 cremata,

213 362 550 431 primordialia
568 359 702 408 haud
720 377 832 406 raro
863 357 1152 404 reuil'ormia
1176 358 1367 420 integra
1389 375 1401 416 3
1423 355 1613 401 caulina

213 432 398 480 sessilia
435 429 763 492 3-5·partita‚
800 424 927 472 lobis
956 424 1223 471 linearibus
1252 423 1458 486 integris
1488 420 1614 468 den-

211 501 324 547 tatis
365 499 438 546 vel
477 497 655 544 incisis.
708 492 991 542 Pedunculi
1030 508 1144 538 cum
1179 490 1342 552 calyce
1389 490 1611 536 colorato

212 567 565 632 pubescentes.
611 563 786 610 Flores
835 560 1135 606 subconcavi
1181 570 1411 623 patentes
1455 556 1611 604 aurei.

214 632 447 698 Carpidia
476 629 803 696 pubescentia
823 625 1140 674 subrotunda
1163 640 1616 690 compresso-mar-

213 703 377 765 ginata
409 711 574 746 rostro
608 697 747 743 brevi
781 695 1034 741 uncinato.

281 768 379 829 (R.
446 766 739 813 cassahc'czcs
802 764 856 808 L.
926 761 1162 808 soliorum
1232 757 1445 824 petiolos
1517 772 1616 803 una

213 851 325 881 cum
377 834 514 880 caule
564 831 736 893 vagina
785 828 977 893 apliylla
1022 827 1272 875 involutos
1313 824 1480 874 habet.
1535 823 1612 871 Cf.

212 901 391 949 Loesel.
427 916 590 964 pruss.
632 910 664 944 t.
706 894 819 957 72.)

301 993 347 1028 In
376 991 551 1025 dumosis
580 988 773 1027 humidis,
804 986 1024 1031 presertim
1045 988 1092 1021 ad
1115 986 1316 1027 Wiesam,
1347 995 1434 1020 cum
1461 982 1519 1028 [ἐς
1548 983 1616 1018 sed

213 1059 251 1088 et
276 1050 315 1085 in
344 1048 580 1085 siccioribus
623 1066 669 1074 -—-
699 1047 789 1081 Var.
818 1059 861 1093 3.
890 1056 948 1088 su}
967 1056 1009 1080 ri
1037 1043 1292 1088 Sissaclzerfizaeh.
1328 1043 1448 1077 Maio.
1478 1040 1537 1088 74.

280 1124 340 1183 5)
375 1126 662 1171 sceleratus
691 1123 782 1181 Lu,
823 1119 1011 1182 glaber,
1052 1118 1177 1164 foliis
1215 1115 1369 1170 radic,
1406 1116 1618 1179 petiola-

210 1193 273 1238 tis
306 1190 589 1254 bipartitiS,
640 1187 764 1234 lobis
807 1186 1051 1234 trilobatis
1099 1184 1278 1230 obtuse
1318 1182 1615 1242 subincisis‚

212 1259 416 1305 summis
449 1255 701 1303 sessilibus
735 1254 1026 1317 tripartitis,
1064 1251 1189 1297 lobis
1225 1250 1619 1312 oblongo-line-

210 1326 377 1372 aribus
398 1323 623 1385 integriS‚
643 1322 810 1368 fructu
829 1320 1066 1382 oblongo,
1094 1316 1324 1380 carpidiis
1347 1316 1614 1363 minimis...

210 1394 272 1439 H.
316 1392 458 1445 1175.
493 1394 556 1437 R.
591 1391 856 1451 palustris
885 1387 1149 1449 apiifolio
1175 1387 1331 1431 laem’s.
1373 1385 1430 1430 C.
1462 1387 1524 1431 B.
1557 1386 1617 1430 P.

212 1466 326 1511 180.
370 1461 484 1506 Cat.
523 1455 601 1504 54.
641 1458 701 1503 R.
737 1454 1038 1502 umbellatus
1060 1454 1139 1503 W.
1165 1452 1221 1499 F.
1249 1452 1315 1498 D.
1346 1450 1460 1504 571.
1486 1449 1614 1501 Lob,

211 1527 271 1573 ic.
310 1537 346 1573 t.
387 1525 500 1572 (569.
533 1523 566 1570 f.
607 1528 649 1574 1.
687 1522 807 1569 Lab.
835 1522 952 1568 fasc.
994 1522 1071 1568 55.

277 1596 320 1640 β.
357 1593 641 1655 pubescens
659 1607 679 1647 5
722 1593 785 1636 R.
809 1591 918 1650 pal.
943 1590 1054 1648 apii
1077 1587 1218 1643 folio
1251 1587 1614 1646 lanuginosas.

212 1662 274 1707 P.
309 1662 343 1705 l.
382 1676 420 1704 c.
465 1655 576 1723 (Cf.
611 1656 766 1703 Bauh.
802 1666 989 1713 notam,
1029 1670 1126 1716 qua
1169 1651 1256 1698 tibi
1291 1650 1617 1715 persuadeas,

210 1726 354 1774 nimis
376 1723 616 1771 audacter
642 1722 737 1769 hoc
767 1737 952 1769 nomen
978 1718 1040 1766 ad
1077 1722 1141 1769 R.
1163 1722 1431 1766 Philonot.
1464 1717 1615 1765 fuisse

213 1785 482 1855 tractum.)
522 1792 582 1837 R.
621 1788 844 1836 Sat-dous
878 1789 1026 1834 BELL.

279 1858 444 1907 Caulis
489 1872 682 1903 crassus
726 1854 1049 1902 succulentus
1094 1851 1347 1899 fistulosus
1396 1851 1615 1900 sulcatus

210 1941 467 1983 ramosus,
511 1921 689 1982 1β2-2Ι.
741 1922 916 1969 Flores
956 1918 1239 1966 terminales
1281 1931 1331 1966 et
1371 1919 1617 1984 oppositi-

212 1992 316 2041 folii
358 1989 682 2057 pedunculati
723 1989 1010 2048 numerosi,
1061 1986 1236 2049 petalis
1271 1988 1435 2049 parvis
1477 1986 1610 2046 caly-

212 2077 324 2108 cem
375 2056 623 2105 caducum
661 2055 740 2103 vix
775 2052 1157 2118 superantibu8‚
1228 2051 1408 2114 pallide
1458 2052 1610 2100 ssavis.

209 2128 427 2176 Fructus
463 2136 637 2171 ovatus
673 2123 747 2169 vel
772 2121 1037 2184 oblongus,
1079 2119 1310 2184 carpidiis
1343 2117 1614 2167 imbricatis

209 2191 566 2241 minutissimis.
615 2189 790 2237 Planta
815 2188 1053 2235 acerrima
1074 2198 1328 2234 venenata.
1355 2216 1422 2223 —
1445 2187 1615 2237 Variat

211 2260 448 2309 foliorum
484 2257 666 2305 laciniis
704 2254 1073 2319 angustioribus
1115 2253 1190 2301 vel
1226 2252 1560 2303 brevioribus.

299 2352 346 2388 In
367 2349 562 2395 aquaticis
582 2346 854 2384 Michelfeldae
875 2346 1049 2391 copiose.
1099 2345 1146 2380 In
1168 2343 1276 2382 fossa
1294 2344 1482 2390 aquatica
1499 2356 1613 2382 secus

210 2410 318 2448 viam
343 2419 479 2447 versus
506 2406 732 2453 Hegenheim.
773 2405 821 2441 In
851 2405 942 2441 loco
969 2404 1167 2449 paludoso
1199 2411 1292 2441 ante
1326 2403 1544 2441 introitum
1568 2404 1612 2440 in

210 2468 435 2513 sylvulam,
460 2476 532 2511 per
558 2474 676 2510 quam
701 2463 742 2498 in
768 2473 915 2508 pagum
946 2461 1156 2502 Bielbenken
1179 2461 1448 2500 descenditur.
1485 2462 1615 2508 Prope

212 2525 347 2572 Olsberg
372 2525 411 2560 in
438 2524 527 2560 udis
551 2522 656 2559 circa
681 2520 977 2558 Monasterium
1001 2528 1040 2557 et
1063 2523 1115 2556 im
1147 2517 1387 2566 Weiherfi‘ld.
1425 2520 1473 2559 In
1491 2518 1612 2558 fossis

209 2595 333 2633 prope
356 2582 547 2623 Malaveim
571 2586 612 2619 et
638 2579 850 2627 Neuenburg.
879 2579 1096 2625 Jun.-Aug.
1123 2572 1196 2630 Θ.
