1685 2901
613 126 956 174 Pssmmnnu.
1430 126 1490 168 33

159 251 307 297 Stirps,
333 261 460 297 quam
486 252 515 286 L
531 252 692 287 achen
712 251 855 286 alius
887 247 1034 294 legisse
1058 247 1188 283 voluit
1208 257 1337 291 prope
1375 249 1488 290 Pfirt.

85 321 175 364 post
198 328 295 353 eum
328 327 451 353 nemo
489 317 549 351 ibi
584 315 829 352 observavit.
861 314 981 348 Error
1010 313 1172 348 subesse
1195 311 1370 347 videtur.

152 408 316 474 (Pag.
362 409 501 472 179.)
536 410 828 458 ANDROSACE
863 409 1037 456 lactea
1069 407 1126 453 L.

147 500 220 546 lc.
254 497 412 547 adde:
454 498 671 547 Labram
713 497 834 545 fasc.
877 496 989 544 115.

149 585 242 651 (A.
276 591 591 637 Lankenalii
628 588 789 639 GMEL.
813 585 887 636 Fl.
918 581 1035 635 bad.
1063 584 1101 634 I.
1141 599 1192 647 p.
1231 581 1346 631 437.
1375 598 1484 627 sec:

84 654 324 722 descript.
385 669 435 706 et
481 658 542 708 ic,
599 668 633 704 t.
692 659 739 702 2.
789 653 848 701 ad
896 654 957 708 A,
1012 651 1371 712 obtusifolc'am
1408 651 1486 709 L.,

84 740 397 773 summarum
443 725 629 791 alpium
683 723 924 784 incolam,
988 721 1092 767 sine
1143 718 1298 766 dubio
1358 718 1486 764 rele—

84 792 245 856 ganda
265 805 360 855 est,
396 794 487 842 etsi
511 793 563 840 b.
591 804 769 840 auctor
790 790 907 839 solia
928 789 1234 838 sublzirsuta
1251 798 1405 850 petat.
1428 817 1482 824 -

80 863 160 909 De
200 864 262 910 A.
291 879 489 910 carnea
528 862 585 908 L.
625 860 857 908 Hallerus
889 875 1032 924 aeque
1064 874 1118 903 ae
1160 855 1486 902 Lachenalius

81 929 236 977 locuti
275 941 418 991 sunt,
462 946 621 994 quum
654 930 722 980 M.
762 930 958 976 Ballon
997 925 1180 991 plantae
1217 924 1488 971 stationem

80 996 440 1045 indicaverant.
473 996 584 1062 (Cf.
631 996 758 1050 Hali.
794 997 926 1052 Hist‚
976 1010 1246 1042 numerum
1270 992 1386 1041 619.
1439 1003 1487 1036 et

79 1065 138 1113 ic·
179 1064 212 1118 f.
262 1065 365 1127 17.)
396 1098 465 1106 —-
509 1067 677 1114 Etiam
730 1067 912 1131 nuperi
957 1063 1157 1112 nonnisi
1201 1059 1326 1108 hanc
1370 1076 1483 1122 pos—

81 1135 322 1182 teriorem
362 1134 430 1182 ibi
468 1134 720 1199 legerunt.
743 1135 829 1197 —-)

147 1243 315 1307 (Pag.
362 1243 509 1307 180.)
547 1245 769 1292 Palmum
807 1245 1001 1290 elacior
1037 1242 1179 1294 JACQ.

145 1330 188 1379 β.
223 1336 580 1396 polyanth053
618 1330 829 1378 floribus
881 1329 994 1395 plus
1032 1328 1234 1392 triginta
1279 1325 1326 1371 in
1376 1340 1480 1370 um-

80 1398 262 1449 bellam
300 1401 508 1450 densam
547 1399 817 1464 congestis.

158 1503 248 1536 Loc.
278 1511 320 1536 n.
344 1513 388 1545 γ.
417 1499 464 1532 ln
487 1503 604 1543 prato
632 1501 727 1532 ante
755 1497 900 1531 urbem
927 1493 1132 1528 minorem
1159 1487 1217 1522 CI.
1251 1489 1343 1521 Lab
1362 1500 1370 1519 ε
1390 1500 1406 1519 a
1430 1500 1481 1519 m.

147 1600 311 1665 (Pag.
356 1599 502 1662 182.)
544 1601 881 1648 MENYANTHES
923 1596 1194 1658 trifoliaca
1222 1594 1280 1641 L.

147 1692 213 1739 lc.
250 1689 466 1738 Labram
507 1687 628 1736 fasc.
675 1688 757 1741 73.

153 1781 244 1814 Loc.
267 1790 310 1814 n.
330 1778 454 1813 adde:
487 1776 570 1813 Am
585 1772 984 1821 Hiae'ninqerKanal.
1013 1772 1058 1806 In
1076 1772 1195 1820 sylva
1212 1766 1484 1803 Mijhlimnsi.

149 1874 308 1936 (Pag.
338 1868 486 1933 182.)
521 1870 781 1920 mensm
806 1866 1157 1933 nymphoz‘des
1192 1864 1476 1912 VENTENAT.

158 1975 307 2010 Multos
342 1977 431 2018 post
465 1982 597 2007 annos
639 1972 684 2006 in
719 1959 861 2007 nostra
893 1970 1064 2014 regione
1091 1976 1175 2000 non
1204 1966 1384 2009 amplius
1411 1973 1480 2004 ap-

78 2039 229 2085 paruit.

150 2134 308 2194 (Pag.
342 2128 477 2192 184.)
515 2131 779 2179 ΗοΤΤοΝιΑ
806 2131 1070 2192 palustris
1106 2128 1161 2173 L.

147 2222 196 2269 Ic
232 2218 388 2267 adde:
432 2218 564 2268 Nees
601 2219 729 2271 Gen.
767 2219 885 2267 XII.
935 2219 979 2266 5.

157 2309 324 2345 Habitat
347 2307 622 2344 Michelfeldae
650 2310 690 2342 et
719 2317 850 2353 prope
883 2305 1091 2350 Neudorf.
1129 2304 1209 2337 Am
1232 2301 1477 2342 Iliim'nyer-

81 2375 234 2411 kanal.
280 2373 341 2409 Ad
373 2374 565 2409 Rhenum
598 2382 728 2418 prope
759 2373 901 2408 Istein.
942 2371 1049 2418 (Loc.
1087 2372 1155 2401 nat
1201 2366 1319 2409 lapsu
1352 2367 1477 2411 lypo—

78 2441 224 2488 graphi
244 2440 287 2476 in
310 2440 431 2475 Flora
465 2439 614 2474 omissa
646 2437 776 2486 sunt.)

148 2534 315 2598 (Pag.
359 2533 507 2597 185.)
548 2534 820 2583 Amanus
850 2533 1071 2580 coerulea
1117 2529 1168 2577 L.
