1685 2901
1445 184 1529 222 vn

111 319 222 354 tum
263 302 534 362 confiteor,
575 296 766 345 diutius
801 292 1223 361 supprimendum
1261 309 1368 342 esse
1411 310 1530 343 cen-

113 396 207 443 sui.
246 393 350 441 Nec
383 402 666 453 temperare
687 384 807 434 mihi
834 400 1059 449 possum,
1100 385 1221 450 quin
1247 396 1297 432 et
1318 384 1532 433 aliorum

112 484 353 533 Virorum
381 479 512 526 bene
544 476 605 525 dc
637 475 732 522 hoc
760 472 924 539 opello
951 474 1354 538 promeritorum
1386 489 1533 521 men-

115 572 307 618 tionem
344 568 547 616 faciam:
589 564 701 613 dico
737 563 811 612 Cl.
847 564 1048 625 Roma,
1087 561 1444 611 Professor-em
1481 563 1533 609 in

114 671 289 707 nostra
346 656 618 706 Academia
673 654 1082 715 meritissimum,
1143 652 1358 701 Generis
1423 652 1526 699 Eu-

110 748 358 813 phorbiac
400 755 756 793 renovatorem
796 741 1203 808 sagacissimum,
1245 741 1332 807 qui
1375 739 1532 787 libros

115 836 260 882 simul
287 852 340 881 ac
361 835 554 897 plantas
588 849 612 878 e
635 847 814 894 magna
852 846 942 878 sua
972 829 1273 895 supellectili
1309 846 1395 889 ca,
1434 845 1534 894 qua

113 922 345 983 excellit,
384 921 694 968 humanitate
738 918 858 965 mihi
900 917 1279 983 suppeditavit,
1318 917 1392 965 Pl.
1431 919 1535 966 Ve-

113 1010 399 1060 nerandum
429 1012 603 1071 LANG,
642 1011 908 1056 Pastorem
947 1007 1391 1054 Miillheimensem
1429 1006 1536 1071 pri-

115 1101 347 1161 marium,
387 1098 604 1146 duarum
642 1098 931 1162 specierum
964 1107 1261 1157 auctorem,
1300 1098 1423 1143 Poae
1463 1094 1536 1142 ni-

114 1188 301 1235 mirum
342 1199 391 1234 et
432 1190 706 1247 Illenclzce,
757 1185 1027 1250 utriusque
1074 1201 1166 1231 suo
1208 1183 1410 1231 nomine
1457 1184 1536 1230 in-

113 1272 345 1340 signitae3
386 1275 473 1339 qui
513 1272 819 1321 Badensium
864 1274 994 1337 agris
1035 1271 1319 1320 confinibus
1360 1272 1525 1319 soler-

118 1364 306 1409 tissime
365 1362 684 1426 perlustratis
753 1363 954 1409 inventa
1020 1360 1266 1408 benevole
1330 1377 1535 1408 mecum

116 1450 533 1507 communicavit,
575 1448 795 1512 denique
839 1449 912 1495 Cl.
943 1449 1030 1495 Fr.
1072 1450 1317 1497 WmmNo
1341 1483 1354 1509 ‚
1391 1447 1530 1496 Med.

115 1540 419 1594 Doctorem,
452 1533 813 1582 Scheftlandiae
842 1535 1135 1598 degentem,
1157 1536 1243 1600 qui
1270 1536 1536 1600 argovien-

115 1643 222 1672 sem
268 1625 469 1671 Floram
528 1621 771 1681 molienS,
828 1621 1001 1687 plures
1061 1623 1110 1669 in
1171 1640 1300 1687 pago
1354 1635 1531 1670 nostro

116 1715 300 1778 stirpes
346 1711 572 1773 detexit,
641 1709 703 1758 de
745 1709 931 1775 quibus
981 1727 1060 1758 me
1105 1711 1406 1776 participem
1460 1710 1535 1760 fa-

118 1818 231 1848 cere
276 1799 412 1848 haud
457 1810 724 1846 cunctatus
764 1810 856 1846 est.

181 1977 499 2025 Honorificos
544 1991 698 2041 porro
737 1975 800 2023 de
838 1976 995 2024 hocce
1042 1993 1196 2041 opere
1255 1976 1427 2024 titulos
1466 1976 1534 2022 si·-

41 2083 43 2085 ·
114 2063 167 2111 bi
203 2077 560 2129 compararunt
592 2065 774 2112 fratres
800 2063 936 2116 Rud.
974 2076 1024 2112 et
1050 2067 1179 2129 Aug.
1210 2067 1531 2127 BURKHARDT,

115 2151 253 2199 Med.
296 2155 415 2199 DD.
458 2153 909 2218 experientissimi,
974 2151 1198 2218 locuples
1238 2152 1534 2201 herbarium

116 2237 249 2286 beati
310 2241 497 2304 patris,
570 2241 714 2306 cujus
770 2239 888 2289 inde
932 2258 956 2288 a
1000 2241 1182 2290 scholis
1236 2240 1299 2289 ad
1338 2242 1532 2289 cineres

117 2343 280 2392 usque
317 2328 607 2377 familiarem
648 2329 831 2378 tuebar
882 2328 1340 2391 consuetudinem,
1385 2341 1528 2394 grato

117 2415 231 2462 usui
282 2415 402 2463 mihi
449 2416 587 2464 facile
628 2417 1002 2481 concedente53
1057 2435 1150 2467 nec
1206 2419 1371 2466 minus
1426 2418 1534 2467 VV.

118 2502 184 2566 pl.
234 2503 501 2552 reverendi
556 2504 677 2554 Chr.
714 2507 929 2570 Mencn,
983 2508 1044 2558 V.
1083 2507 1239 2558 D.M.
1281 2519 1330 2555 et
1369 2507 1426 2555 C.
1457 2507 1520 2555 R.
