1685 2901
173 169 234 220 ¹1⁷10
704 170 1048 220 PENTANDmA.

173 302 236 338 (lie
256 300 398 336 Doller
417 309 555 336 versus
578 301 748 337 Ilzaclz.
777 301 889 336 circa
909 303 1197 338 Barcenlteim.
1219 297 1260 345 β.
1289 313 1413 348 prope
1435 306 1571 341 Gren-

173 361 286 396 :aclc
315 360 358 394 iu
378 359 486 394 fossa
513 359 591 395 viae
616 369 791 405 magnae.

239 432 939 497 <V.Blattaria-Lyclmitis
986 431 1245 482 detectum
1288 445 1365 483 est
1419 452 1444 483 a
1491 435 1565 491 Cl,

171 502 514 550 MuHLENBEcK
560 502 692 549 inter
730 501 1012 550 Gebweiler
1051 514 1102 550 et
1148 504 1361 568 Cernay
1402 514 1434 555 t.
1496 503 1566 550 lit.

170 579 220 615 et
255 566 494 634 specim.)

239 678 396 740 (Pag.
435 676 583 738 205.)
623 679 837 727 DATUM
887 678 1255 728 Stramotziam
1295 680 1351 727 L.

233 786 276 834 β.
311 805 724 852 purpurascens.
760 790 826 837 D.
855 788 1035 836 Tatula
1081 790 1139 838 L.

244 883 337 918 Loc.
371 895 411 918 n.
450 880 493 927 β,
535 884 664 928 Prope
710 884 997 919 ambulacrum
1038 886 1082 920 in
1120 883 1195 918 cler
1226 881 1477 930 Sandyrube
1514 882 1569 916 cis

167 947 335 985 pontem
370 944 531 981 Wiesae.
576 945 629 978 In
666 943 740 978 der
769 943 1021 987 Sandqrube
1054 943 1157 978 heim
1197 941 1403 977 Lisbiihel.
1440 941 1570 986 Prope

169 1002 407 1036 *iliilzllmim
433 1005 471 1036 et
495 1001 765 1045 Neucnlmry,

236 1095 393 1155 (Pag.
436 1090 581 1156 207.)
619 1094 819 1141 ATROPA
860 1094 1194 1140 Belladonna
1235 1094 1289 1143 L.

234 1205 302 1250 Ic.
343 1201 504 1249 adde:
542 1201 673 1250 Nees
715 1202 841 1249 Gen.
888 1201 1033 1248 XXI.
1076 1203 1150 1247 18.

246 1291 338 1324 Loc.
360 1300 403 1323 n.
428 1289 548 1324 adde:
577 1290 686 1323 Inter
711 1289 804 1322 (lem
832 1287 1104 1322 Bruderltolz
1136 1289 1264 1323 elder
1295 1299 1427 1322 neuen
1457 1291 1574 1324 Il'ct't'

162 1365 286 1400 supra
299 1355 356 1390 sic
376 1354 484 1389 dicto
501 1354 743 1388 Kaibacker
761 1353 802 1387 in
819 1353 1026 1387 consortio
1046 1352 1244 1397 Pleysalis
1260 1353 1490 1398 Alkelcenqc'
1520 1354 1565 1387 L.

162 1438 204 1446 —
227 1420 435 1464 Frequens
462 1429 589 1463 prope
615 1419 825 1463 Eceinyen.

237 1525 393 1588 (Pag.
432 1523 576 1586 209)
617 1524 853 1575 SOLANUM
898 1528 1114 1587 nigrum
1147 1526 1202 1574 L.

227 1635 298 1686 Ic.
331 1631 494 1681 Rchb.
523 1633 581 1680 ic.
615 1635 681 1682 X.
726 1632 759 1680 f.
792 1635 917 1685 1283
953 1644 1004 1681 et
1045 1631 1123 1684 84.
1173 1631 1285 1698 (pro
1315 1632 1362 1681 S.
1395 1643 1569 1698 ptero-

163 1701 290 1749 cauli
328 1698 516 1762 Don.).

228 1770 279 1817 S.
324 1769 628 1832 pterocaule
668 1765 830 1814 Rchb.
869 1765 936 1831 pl.
979 1778 1056 1814 est
1090 1767 1315 1830 vegetior
1361 1766 1408 1812 in
1459 1766 1566 1813 solo

162 1835 404 1884 umbroso
459 1850 723 1896 crescens,
781 1831 869 1881 ubi
921 1833 1070 1881 caulis
1119 1833 1285 1897 anguli
1355 1832 1564 1881 subalati

161 1904 306 1958 fiunt.

236 1997 328 2031 Del.
357 2006 441 2030 var.
465 1990 495 2038 β
526 1998 562 2038 et
583 1993 644 2029 fac
673 1994 849 2038 speciem
867 2002 969 2037 seq.:

228 2073 311 2139 1*)
348 2077 591 2124 villosam
622 2075 748 2121 LAM.
774 2090 787 2131 ς
815 2088 1057 2132 annuum,
1085 2071 1276 2137 angulis
1308 2089 1562 2121 ramorum

159 2142 497 2191 subobsoletis
515 2139 982 2202 ·subtuberculatis‚
1013 2139 1139 2188 foliis
1167 2142 1322 2188 ovatis
1349 2142 1565 2190 sinuato-

161 2210 378 2259 dentatis
431 2210 673 2276 cauleque
733 2206 1386 2270 subtomentoso-villosis,
1423 2225 1564 2257 race-

160 2279 250 2327 mis
294 2278 632 2344 simplicibus,
690 2275 945 2340 pedicellis
990 2274 1265 2324 fructiferis
1306 2277 1444 2342 apice
1490 2277 1565 2324 in-

160 2347 386 2395 crassatis
427 2345 648 2397 deflexis.
672 2344 827 2395 Kocn.
876 2344 928 2397 S.
950 2343 1144 2392 luteum
1165 2345 1278 2393 Gm.
1306 2343 1422 2392 bad.
1456 2344 1555 2394 Sol.

159 2415 375 2478 nigrum.
409 2412 457 2462 β.
491 2414 565 2462 Fl.
604 2411 708 2460 bas.
731 2414 780 2463 S.
813 2411 1017 2476 nigrum
1054 2431 1085 2458 ε.
1129 2410 1294 2463 Gaud.

221 2481 558 2531 Pubescentia
584 2479 803 2530 densiori
839 2478 1109 2546 baccisque
1155 2479 1303 2530 luteis
1346 2476 1553 2527 recedit.

234 2571 276 2605 In
294 2570 496 2607 ruderatis
520 2575 557 2607 et
584 2569 636 2606 ad
662 2568 746 2605 vias
764 2567 923 2614 apricas
949 2569 1117 2612 passim.
1150 2568 1222 2604 Jul
1271 2589 1317 2596 --
1344 2568 1428 2601 Oct.
1449 2565 1505 2608 Θ,
