1685 2901
229 187 247 230 1
263 185 321 230 88
802 181 1069 230 Momoecm.

228 320 406 358 catam
427 310 472 358 Β.
506 316 730 372 spectat,
769 323 870 374 quo
895 318 1120 355 nostram
1139 322 1233 373 pro
1256 321 1351 354 var.
1382 323 1428 355 ν.
1455 324 1612 368 spar-

225 381 421 436 siflora
458 374 669 438 releges.
707 404 771 412 —
826 377 884 426 C.
919 378 1128 424 divulsa
1172 376 1333 424 Goon.
1381 375 1610 439 genuina,

226 446 368 508 cujus
399 443 697 508 exemplaria
718 443 918 510 Biponti
944 443 1070 493 lecta
1093 455 1206 492 ante
1235 442 1406 491 oculos
1434 441 1611 503 habeo,

227 511 437 562 differt:
489 510 671 560 Colore
729 510 1006 577 pallidiori,
1050 511 1157 560 fere
1196 512 1614 559 canescenti-vi-

224 578 357 640 ridi,
410 579 575 629 culmo
622 581 891 644 teneriori,
939 580 1140 646 spiculis
1177 578 1474 646 sparsifloris
1520 579 1615 626 mi-

222 647 436 697 noribus
485 648 640 712 magis
680 664 881 698 sursum
925 648 1160 710 directis,
1202 646 1379 713 glumis
1421 646 1613 695 albidis

225 716 340 779 (nec
362 714 856 781 viridi-ferrugineis)
884 717 1009 766 linea
1034 716 1216 765 dorsali
1237 714 1380 763 viridi
1396 713 1618 781 perduc·

223 787 287 832 tis
346 783 699 850 fructibusque
759 787 939 835 erectis
993 783 1175 850 pallide
1232 782 1491 832 viridibus.
1551 810 1615 822 --

221 851 388 901 Rchb.
432 853 685 919 specimen
723 854 772 901 in
805 854 877 902 Fi.
914 856 1091 902 exsicc.
1119 852 1230 904 410.
1261 852 1324 900 ad
1361 855 1405 902 Β.
1432 850 1614 918 prioris

221 923 483 985 pertinet,
519 937 612 969 nec
650 918 713 968 ad
753 924 882 974 Car.
918 923 1148 972 Goonmv.

236 1087 242 1091 ,
288 1042 453 1104 (Pag.
483 1041 633 1104 393.)
674 1039 756 1107 10)
785 1046 1092 1109 cyperoc'des
1116 1045 1172 1095 L.
1215 1041 1615 1106 (Schelhameria

224 1113 434 1174 capitata
471 1109 687 1171 Μυσὴ.)

323 1201 415 1234 Loc.
451 1203 536 1234 nat.
573 1199 700 1233 adde:
762 1198 806 1231 ln
844 1198 995 1242 palude
1027 1198 1223 1234 exsiccato
1257 1198 1362 1232 inter
1405 1195 1619 1232 Resclaeszl

221 1269 261 1297 et
293 1263 330 1298 le
361 1263 460 1298 Pm‘t
495 1262 610 1297 haud
640 1262 787 1307 procul
819 1272 841 1297 a
870 1263 1140 1299 Dannmarie
1166 1262 1273 1297 hanc
1299 1260 1471 1296 caricem
1497 1259 1611 1304 fuga-

217 1339 307 1363 cem
340 1327 466 1363 etiam
501 1327 666 1362 invenit
697 1328 908 1363 Frusffl-
929 1327 1066 1364 Joset.

287 1412 381 1474 11)
420 1415 668 1475 leporina
705 1413 761 1460 L.

284 1505 330 1554 Β,
367 1500 581 1567 Spiculis
605 1500 789 1566 pallide
819 1500 1113 1550 virentibus.
1148 1502 1203 1551 C.
1228 1499 1617 1567 argyroglochin

219 1570 275 1616 F.
317 1570 383 1617 D.
426 1582 462 1618 t.
513 1572 655 1619 1710.
706 1571 882 1619 Sturm
920 1570 962 1625 Ι,
1007 1573 1087 1623 55.

322 1659 415 1690 Loc.
449 1667 493 1691 n.
529 1654 574 1704 β.
619 1658 811 1703 Legimus
839 1668 966 1703 prope
996 1668 1149 1693 novam
1179 1657 1350 1693 domum
1387 1658 1432 1691 in
1464 1656 1615 1691 insula.

289 1760 458 1823 (Pag.
489 1759 633 1823 397.)
685 1761 769 1823 17)
795 1772 999 1809 remota
1028 1763 1089 1810 L.

322 1851 415 1883 Loc.
445 1852 531 1883 nat.
563 1849 688 1884 adde:
736 1849 799 1884 Ad
828 1848 953 1884 fossas
986 1859 1115 1894 prope
1149 1849 1385 1885 Miillkeim.

290 1952 456 2016 (Pag.
483 1953 632 2018 398.)
673 1953 757 2015 18)
796 1958 1091 2018 caespitoscz
1125 1956 1183 2008 L.

286 2037 467 2084 Haecee
519 2036 710 2101 species
754 2052 779 2082 a
835 2035 938 2088 Cel.
992 2035 1101 2084 GAY
1149 2054 1313 2103 nuper
1359 2037 1611 2101 relegatur

223 2102 286 2149 ad
347 2105 406 2154 C.
456 2108 699 2153 strictam
766 2104 924 2152 Goon.
995 2105 1191 2171 ipsique
1253 2103 1488 2153 audiens:
1553 2105 1610 2153 C.

224 2173 555 2226 Gooormovu.
597 2171 727 2235 (Cf.
756 2174 927 2221 Flora
951 2171 1123 2220 ratisb.
1178 2173 1323 2226 1840.
1361 2173 1448 2228 ΝΟ,
1488 2171 1612 2233 14.)

289 2293 459 2356 (Pag.
489 2295 642 2355 399.)
683 2295 765 2355 19)
806 2301 997 2346 stricta
1030 2299 1196 2347 Goon.

288 2375 409 2422 Haec
442 2388 518 2423 est
550 2377 607 2424 C.
641 2380 895 2439 cespitosa
929 2380 986 2426 L.
1021 2379 1095 2433 Fi,
1135 2394 1270 2426 suec·
1296 2390 1332 2427 t.
1370 2377 1479 2426 Gn
1507 2376 1537 2430 1,
1565 2394 1606 2428 ε,

223 2441 281 2491 C.
311 2442 709 2492 melanochloros
753 2443 936 2496 Thuill.

245 2535 253 2541 '
290 2523 509 2582 (Colore
536 2525 867 2589 glaucescenti
893 2526 954 2574 ab
982 2524 1180 2577 antecd.
1216 2539 1265 2575 et
1291 2542 1397 2592 seq.
1425 2538 1609 2593 praeter

225 2602 501 2641 caracteres
539 2592 678 2642 datas
722 2592 1104 2660 distinguitur.)
