1685 2901
643 164 942 213 Taunum.
1435 155 1495 202 19

166 293 399 339 Descriptio
433 295 469 327 et
500 292 590 326 loca
621 293 707 324 nat.
733 290 920 323 manent.

156 357 312 425 (Pag.
341 355 450 419 91.)
493 357 556 418 9)
583 357 807 403 loliacea
860 351 1062 401 CuR‘rm.
1105 346 1238 411 (Lol.
1274 345 1497 396 festuca-

92 445 240 477 ceum
278 425 417 490 LK.)

158 512 228 560 Ic.
270 507 429 556 adde:
472 502 635 555 Rchb.
673 519 747 568 gr.
787 501 819 554 f.
859 499 1005 550 1566.

155 583 201 631 β.
244 585 493 640 congesta
501 592 521 635 ,-
546 571 750 639 spiculis
770 571 819 619 in
835 584 1033 618 summo
1056 565 1222 615 culmo
1258 563 1495 614 collectis.

166 660 262 694 Loc.
297 671 339 694 n.
371 646 414 694 β.
443 659 550 692 Inter
578 668 621 696 (χ.
652 653 760 689 circa
785 652 934 687 urbem
968 659 1074 684 rara.

160 720 330 787 (Pag.
359 721 465 784 92.)
513 720 593 782 11)
622 719 993 770 arundinacea
1030 715 1238 765 Semnan.

159 805 229 852 Ic.
269 803 431 852 Rchb.
480 820 552 868 gr.
594 800 628 849 f.
670 800 815 849 1568.

169 885 262 919 Loc.
292 895 335 918 u.
360 885 485 919 addas
515 897 520 918 :
545 884 594 918 In
619 881 760 918 insula
782 890 914 928 prope
937 878 1194 924 Neuenbnry

163 952 322 1012 (Pag.
357 947 472 1013 93.)
515 947 605 1012 12)
642 949 960 1000 Calamaria
997 945 1086 994 SM.

155 1030 226 1079 Ic.
265 1029 429 1084 Rchb,
470 1047 544 1095 gr.
586 1029 620 1083 f.
658 1029 805 1083 1562,
844 1028 979 1095 (pro
1004 1029 1064 1076 F.
1086 1025 1324 1090 sylvatica
1350 1021 1502 1083 Vin.)

168 1113 264 1148 Loc.
291 1123 335 1147 n.
365 1111 492 1147 adde:
529 1112 578 1146 In
605 1111 735 1162 sylvis
772 1111 983 1146 montanis
1018 1114 1127 1145 retro
1165 1105 1445 1152 Schweiyhof
1470 1109 1507 1139 et

92 1164 246 1202 dehinc
272 1164 317 1199 in
345 1165 402 1198 Μ.
432 1163 621 1199 Belo-hen
651 1171 797 1209 usque.

164 1228 303 1292 (Cel.
341 1230 629 1278 Kocmusin
668 1229 885 1295 Synopsi
928 1246 1016 1276 sua
1053 1229 1113 1277 V.
1141 1227 1207 1275 11.
1251 1241 1362 1290 pag.
1395 1225 1506 1272 812.

91 1299 148 1348 F.
199 1300 564 1346 duriusculam
613 1306 664 1345 et
710 1298 767 1345 F.
822 1299 1076 1360 glaucam
1118 1311 1233 1343 cum
1276 1290 1508 1358 pluribus

92 1366 323 1413 Festucis
350 1364 643 1426 helveticis‚
691 1364 963 1412 nimirum:
1003 1367 1211 1426 alpina,
1254 1363 1510 1419 violacea,

92 1436 455 1497 amethystina
480 1444 531 1480 et
551 1435 861 1496 pannonica
900 1444 956 1480 ut
981 1430 1198 1481 totidem
1223 1429 1508 1486 varietates,

94 1502 150 1550 F.
192 1505 357 1550 ovinae
398 1503 453 1549 L.
509 1498 864 1563 subordinat.)

162 1586 303 1645 Pag.
342 1579 483 1635 *484.
533 1585 671 1648 App.
700 1581 810 1631 Vol.
845 1581 911 1634 II.

160 1665 363 1713 Bnomns
403 1665 668 1711 secalinus
704 1664 760 1710 L.

164 1734 234 1783 Ic.
276 1729 445 1782 Rchb.
486 1748 560 1795 gr.
599 1730 632 1779 f.
679 1731 824 1780 1600.

163 1825 210 1858 y.
250 1802 614 1859 multcflorus3
649 1798 703 1847 B.
734 1794 1051 1846 hordeaceus
1089 1793 1254 1844 Gmel.
1280 1790 1355 1841 ΕΙ.
1391 1789 1511 1840 bad.

98 1886 143 1917 c.
171 1868 234 1916 ic.
269 1867 304 1918 f.
347 1871 391 1920 1.
431 1880 482 1917 et
517 1869 570 1916 Β.
598 1865 836 1915 badensis
865 1864 944 1930 Ej.
976 1876 1006 1912 t.
1041 1865 1087 1913 5.
1120 1864 1176 1912 B.
1204 1857 1512 1911 multiflorus

96 1934 263 1988 Rchb.
301 1953 373 2001 gr.
417 1934 449 1987 f.
495 1934 642 1985 1594.
673 1936 795 1998 (non
832 1930 1017 1996 Roth.)

167 1997 204 2055 3.
242 2003 456 2070 Spiculis
483 2003 743 2069 elongatis.
797 2004 853 2051 Β.
893 2000 1157 2065 elongatus
1189 1994 1357 2046 Gaud.
1391 1996 1516 2061 Agr.

101 2073 158 2128 Β.
187 2072 432 2120 secalinus
457 2074 804 2121 intermedius
826 2073 986 2120 LANG.

167 2141 308 2188 Inter
321 2143 682 2191 B.secalinum
702 2152 753 2189 et
766 2143 828 2189 B.
846 2153 1095 2202 grossum
1109 2135 1271 2183 szn.
1305 2131 1520 2180 varietas

102 2207 273 2256 haecce
318 2234 364 2267 y.
400 2207 628 2257 fluctuat.
670 2240 739 2249 --
781 2203 816 2258 δ.
847 2208 961 2257 Non
989 2215 1094 2264 est,
1139 2201 1215 2250 uti
1251 2196 1519 2249 Caudinus

103 2277 153 2324 in
174 2275 325 2325 Flora
350 2275 480 2324 helv.
507 2277 750 2344 corrigit,
795 2288 1003 2342 gramen
1029 2272 1390 2330 immaturum,
1427 2266 1521 2317 sed

107 2361 224 2393 vera
259 2356 488 2393 var-letas.

155 2428 252 2463 Loc.
281 2437 325 2461 n.
351 2440 397 2470 γ.
428 2426 475 2461 ln
504 2425 613 2472 agris
640 2435 771 2472 prope
800 2424 1052 2462 Milllheae'mz
1087 2420 1131 2454 in
1157 2411 1302 2454 fundo'
1321 2417 1520 2454 exsicca-10

102 2490 236 2528 rivuli
267 2491 378 2528 inter
405 2491 630 2527 Miillheim
663 2495 702 2527 et
729 2490 989 2534 Neuenburq
1025 2489 1064 2522 et
1100 2484 1145 2519 in
1176 2484 1286 2520 arvis
1319 2482 1518 2529 neglectis

106 2560 236 2604 prope
270 2556 490 2593 Mauo-hen
518 2555 682 2602 copiose
698 2557 799 2593 Rev.
833 2557 985 2600 Lang,
1020 2549 1059 2600 δ.
1093 2551 1140 2586 In
1159 2548 1293 2586 fundo
1322 2549 1521 2586 exsiccato

107 2622 229 2669 parvi
270 2620 403 2657 rivuli
435 2621 545 2658 inter
581 2620 805 2658 Mallkeim
836 2623 875 2658 et
907 2615 1165 2662 Neuenburq
1219 2614 1346 2651 [dom.
1387 2612 1517 2649 Etiam

105 2688 215 2725 eirca
244 2687 465 2725 Basileam.
