1685 2901
204 189 292 236 116
751 192 1032 238 DioYNAMiA

196 314 462 378 specimina
496 329 750 379 nunquam
777 317 1026 372 occurrit5
1069 331 1267 378 semper
1296 314 1373 361 illa
1408 329 1572 364 ovato-

194 381 460 429 lanceolata
499 394 634 432 sunt.
664 383 916 430 -Variat
956 399 1068 430 raro
1117 381 1242 431 foliis
1285 383 1549 431 maculatis.

260 482 423 545 (Pag,
454 481 567 545 94.)
606 484 872 533 GALEopsis
906 485 1260 547 angustzfolc'a
1295 486 1446 534 Eunu,
1492 485 1573 543 (G.

192 549 450 598 Ladanum
486 568 585 600 var.
629 550 716 613 L.)

260 635 303 681 Β.
345 631 577 680 Floribus
607 634 799 680 intense
831 633 1114 697 purpureis,

255 735 297 767 γ.
362 718 691 775 pauczflora3
744 712 986 777 digitalis,
1053 713 1292 762 verticillo
1340 729 1573 778 supremo

188 779 488 844 paucissoro,
527 781 846 830 inferioribus
882 781 1151 830 sterilibus.

262 870 355 905 Loc.
388 880 430 904 n.
462 869 507 918 β.
552 870 600 905 ln
633 870 739 915 agris
768 879 908 906 versus
939 870 1178 917 Huningam
1219 878 1408 914 parvam:
1456 875 1497 907 y,
1530 868 1570 901 1¹¹

186 935 291 980 agris
313 935 543 971 macilentis
563 934 757 973 calcareis
785 935 993 972 montanis
1016 934 1221 980 frequens.

252 1026 313 1089 2)
353 1030 656 1075 ockroleaca
703 1029 826 1074 LAM.

251 1109 320 1160 Ie,
361 1109 534 1156 Sturm
572 1110 610 1155 I.
638 1110 716 1157 62.
744 1108 875 1155 Nees
912 1107 1040 1155 Gen.
1070 1107 1257 1154 XVIII.
1298 1111 1375 1157 11,

251 1186 293 1239 Β.
331 1188 479 1235 Flore
519 1205 812 1252 purpureo,
875 1187 1064 1234 macula
1107 1187 1227 1234 flava
1268 1188 1315 1234 in
1356 1184 1501 1236 labio,

248 1282 293 1313 γ.
329 1267 475 1315 Flore
500 1267 802 1315 ochroleuco
828 1283 980 1331 parvo
1002 1267 1111 1332 plus
1138 1266 1293 1332 duplo
1324 1269 1533 1315 minore.

249 1340 285 1398 3.
337 1353 610 1408 maximam
673 1347 808 1396 caule
870 1347 1073 1410 altiore,
1137 1347 1266 1395 foliis
1339 1347 1569 1396 omnibus

181 1413 360 1475 (etiam
394 1415 770 1481 superioribus)
814 1416 969 1463 ovatis
1000 1432 1171 1480 grosse
1198 1416 1418 1478 serratis,
1462 1433 1573 1463 ver-

183 1484 342 1531 ticillis
386 1483 723 1548 densissimis,
763 1481 973 1531 floribus
1014 1482 1304 1549 majoribus.

254 1566 349 1602 Loc.
374 1576 418 1602 n.
444 1566 570 1603 adde:
600 1575 645 1603 οι.
675 1567 724 1601 In
751 1564 860 1612 agris
889 1565 998 1601 inter
1027 1564 1331 1612 Schallsinyen
1358 1568 1397 1600 et
1428 1564 1573 1611 Biirq-

176 1630 262 1666 len.
286 1631 417 1676 Prope
444 1631 669 1667 Kandern.
699 1629 763 1667 Ad
788 1629 937 1677 pedem
969 1630 1024 1665 M.
1049 1629 1235 1666 Belchen
1263 1629 1360 1665 bad.
1394 1629 1571 1675 copiose.

177 1694 226 1728 In
244 1693 382 1730 insula
398 1704 527 1740 prope
552 1694 811 1740 Neuenbury
829 1694 977 1730 rarius.
1011 1696 1055 1743 β.
1074 1696 1112 1730 et
1126 1700 1171 1732 γ.
1195 1693 1267 1729 Rei
1281 1693 1356 1730 der
1372 1693 1573 1729 schliesse

178 1757 233 1792 ad
260 1758 453 1794 Wiesam.
483 1750 520 1800 ὃ.
543 1758 606 1792 Ad
627 1758 803 1793 Wiesam
832 1758 940 1792 inter
966 1769 1011 1795 α.

250 1829 503 1892 (Varietas
527 1837 573 1885 β.
612 1844 721 1876 rara
746 1838 840 1887 est,
881 1844 973 1875 nec
999 1829 1262 1892 quotannis
1285 1830 1567 1894 conspicua.

181 1897 495 1962 Exemplaria
542 1911 918 1954 conservamuS,
968 1895 1053 1942 ubi
1095 1895 1142 1943 in
1178 1894 1351 1943 eadem
1405 1896 1571 1960 planta

181 1963 329 2012 flores
360 1965 621 2030 purpurei,
663 1980 722 2010 ex
766 1979 1023 2027 purpureo
1051 1973 1101 2010 et
1139 1962 1274 2011 luteo
1317 1965 1567 2028 vai-iegati,

183 2045 233 2080 et
267 2034 468 2080 omnino
516 2030 798 2080 ochroleuci
843 2031 985 2077 simul
1029 2029 1318 2095 apparent.)

248 2132 413 2196 (Pag.
439 2133 554 2196 95.)
589 2132 648 2196 4)
682 2132 961 2196 pubescens
1001 2132 1195 2182 Bessmz,

247 2216 347 2262 Pro
369 2215 604 2263 varietate
640 2216 699 2264 G.
727 2215 970 2261 Tetrahc't
995 2211 1215 2261 declarat
1240 2213 1345 2260 Cet.
1377 2214 1562 2265 BENTH,

249 2295 356 2358 (G.
396 2299 679 2344 versicolor
725 2294 904 2343 Cum-is
929 2293 1075 2358 longe
1100 2293 1160 2342 ab
1199 2293 1288 2341 hac
1315 2293 1528 2358 divergit
1552 2315 1563 2354 3

181 2364 452 2427 speciosior
491 2377 566 2412 est
609 2364 731 2411 flore
765 2361 949 2427 majore
990 2362 1143 2422 ssavo,
1196 2360 1312 2409 lobo
1339 2361 1450 2409 labii
1489 2362 1563 2409 in-

183 2429 378 2479 ferioris
400 2431 564 2479 medio
582 2446 854 2496 purpureo.
897 2460 959 2469 -
995 2430 1277 2478 Germaniae
1296 2431 1562 2495 septentri-

184 2498 313 2546 onali
337 2500 616 2563 praesertim
654 2497 909 2562 indigena,
954 2497 1033 2545 vix
1075 2496 1301 2562 patriae.)

252 2602 409 2664 (Pag.
437 2602 539 2662 97.)
576 2603 824 2649 Betonica
869 2600 1146 2660 officinalis
1188 2600 1245 2646 L.
