1685 2901
243 235 335 280 100
760 232 1091 280 PomANDmA.

237 374 349 405 men
390 355 672 416 diversum,
738 368 992 419 spectant,
1053 355 1191 421 quod
1241 356 1356 404 olim
1424 357 1628 406 Michel-

237 425 382 472 seldae
419 423 620 485 floruit,
659 422 808 471 hodie
849 436 1017 472 autem
1045 424 1113 472 ibi
1153 423 1381 472 exulavit.
1418 455 1480 467 —
1529 428 1623 475 Th.

240 493 648 555 angustifolc‘um
715 494 856 549 JAco.
905 509 1078 540 verum
1139 492 1335 540 nonnisi
1392 495 1628 556 Laufen—

235 563 389 622 burgi
411 596 424 622 ,
476 558 663 623 oppido
683 559 887 626 quidem
906 560 1069 609 Florae
1092 560 1340 626 proximo,
1376 563 1624 626 provenit.

232 661 296 668 —--
346 632 439 676 le.
482 631 772 676 Morisonii
815 629 974 677 GMEL.
1032 646 1092 676 ex
1143 627 1239 675 fide
1283 627 1358 677 Cl.
1409 630 1625 690 ΖείΙιεν,

233 699 319 760 qui
364 696 577 745 Gmelini
624 695 841 760 plantam
892 697 940 744 in
983 695 1218 744 herbario
1255 708 1497 760 asservat,
1563 696 1627 745 ad

230 766 443 812 formam
484 763 849 828 angustifoliam
885 767 979 813 le.
992 768 1138 824 flavi
1161 765 1401 830 pertinet.
1424 794 1491 802 —
1517 764 1626 812 Cel.

227 836 574 881 Rmcnmmcu
592 832 649 880 ic.
671 830 819 885 4640.
846 831 907 880 ad
925 832 1050 880 hanc
1071 833 1404 897 posteriorem
1419 833 1626 898 stirpem

228 902 411 949 referri
452 900 656 965 nequit,
718 901 904 965 quippe
950 900 1090 965 quod
1141 900 1400 949 Gmelinus
1451 902 1500 948 in
1546 900 1621 948 Fl.

226 968 346 1020 bad.
390 969 554 1033 suppl.
583 986 634 1034 p.
661 967 770 1020 423.
824 968 1080 1016 Thalictro
1120 985 1211 1015 suo
1261 967 1427 1016 foliola
1467 969 1625 1031 duplo

230 1039 453 1098 triplove
503 1039 818 1097 angustiora
859 1035 1063 1098 tribuit,
1118 1052 1266 1100 quam
1320 1038 1622 1098 Thflmao,

228 1104 351 1152 dum
375 1121 399 1150 e
427 1105 677 1151 contrario
699 1101 1084 1151 Reichenhachii
1107 1103 1218 1150 icon
1244 1101 1420 1150 eadem
1458 1102 1623 1151 foliola

228 1172 324 1219 lata
355 1170 612 1236 depingit,
659 1170 843 1217 laciniis
888 1170 1026 1232 latis,
1080 1171 1349 1236 potiusque
1389 1171 1486 1226 Th,
1530 1189 1621 1219 ex-

226 1242 453 1287 altatum
492 1239 651 1286 GAUD.
692 1237 921 1298 sistenS.)

295 1339 460 1402 (Pag.
498 1338 609 1401 59.)
647 1336 699 1399 4)
737 1342 952 1399 flavum
995 1339 1051 1387 L.

288 1423 358 1469 Ic.
395 1421 534 1485 Jacq.
567 1419 640 1471 Fl.
687 1435 728 1465 a.
765 1431 804 1471 t.
837 1417 951 1467 421.
1002 1419 1125 1484 (pro
1159 1419 1258 1471 Th.
1283 1418 1616 1486 nigricante.)

289 1511 335 1559 β.
374 1503 476 1551 Pro
530 1499 894 1566 „angustifolia
918 1499 943 1528 ‘⁶
986 1500 1134 1566 lege:
1192 1502 1612 1565 angustifolium.

296 1592 393 1626 Loc.
425 1601 468 1625 n.
493 1589 619 1626 adde:
658 1589 706 1623 In
727 1589 850 1637 sylva
875 1589 983 1624 inter
1006 1589 1245 1627 Artesheim
1272 1594 1312 1627 et
1338 1591 1545 1628 Manena.

287 1674 456 1739 (Pag.
487 1674 593 1736 60.)
626 1675 816 1724 Anoms
846 1677 1119 1723 aestivalis
1156 1676 1213 1722 L.

283 1759 354 1806 Ic.
389 1754 551 1805 Rchb.
590 1756 675 1804 lv.
716 1754 750 1806 f.
785 1753 1043 1803 490-94
1079 1766 1130 1802 et
1152 1755 1291 1805 XIII.
1331 1753 1367 1810 f.
1397 1752 1542 1806 4619.

285 1845 331 1892 β.
368 1838 580 1901 pallida
621 1837 660 1884 1.
702 1835 790 1896 (A.
828 1835 1004 1883 citrina
1037 1833 1275 1896 Hoffm.)

294 1927 390 1961 Loc.
430 1935 475 1961 n.
516 1921 561 1970 β.
595 1923 719 1959 adde:
768 1923 899 1968 Prope
937 1923 1203 1969 Blansinqen
1234 1922 1343 1959 inter
1372 1924 1527 1969 segetes
1551 1922 1609 1958 Cl.

217 1991 404 2029 Fiscm.

284 2074 608 2142 Adjungatur
644 2085 844 2140 postea.-

286 2158 340 2219 3)
357 2162 622 2218 flammea
651 2157 831 2214 JAcQ.‚·
870 2169 1061 2216 annua,
1096 2150 1329 2218 carpidiis
1364 2152 1612 2217 superiori

217 2227 442 2290 margine
475 2235 588 2273 ante
630 2222 812 2284 stylum
850 2233 1108 2283 erectum,
1169 2221 1306 2286 apice
1347 2219 1613 2281 adustum,

219 2293 373 2356 gibbo
394 2331 408 2343 .
434 2332 446 2344 .
474 2328 482 2338 .
543 2291 605 2341 A.
647 2290 867 2338 anomala
889 2289 1060 2341 Wallr.
1100 2289 1226 2351 (var,
1252 2286 1609 2354 paucipetala.)

213 2365 276 2408 A.
327 2359 554 2409 aestivalis
593 2356 754 2407 Gaud.
811 2356 955 2420 (sec.
993 2355 1230 2421 descript.
1265 2355 1388 2408 excl.
1430 2355 1489 2406 io.
1515 2356 1612 2403 La—

216 2428 375 2476 brami
401 2429 424 2487 )
486 2430 630 2492 Jacq.
659 2443 700 2473 a.
738 2437 773 2477 t.
811 2428 922 2475 355.
950 2423 1111 2474 Rchb.
1138 2425 1223 2474 IV.
1253 2422 1286 2471 f.
1314 2422 1410 2472 495
1437 2434 1487 2471 et
1525 2422 1605 2471 96.

217 2508 267 2542 et
300 2497 355 2544 C.
389 2496 531 2544 XIII.
571 2495 605 2542 f.
647 2491 791 2542 4620.
821 2492 1033 2542 Labram
1064 2491 1181 2542 fasc.
1206 2495 1286 2543 81.

282 2576 444 2624 Facile
478 2573 802 2639 distinguitur
848 2573 908 2622 ab
932 2575 995 2622 Λ.
1024 2574 1268 2624 aestivali
1292 2572 1376 2619 L.:
1416 2566 1600 2616 Habitu

217 2644 492 2707 graciliori,
550 2642 782 2694 foliorum
838 2642 1019 2691 laciniis
1075 2635 1481 2704 angustioribus,
1542 2634 1604 2682 ad
