1685 2901
152 179 212 225 68
701 179 988 226 Humum
1001 218 1012 232 ,

159 305 271 339 Alex.
296 304 433 337 Brutum
451 312 582 347 prope
610 302 1019 350 Kleinlausenbury,
1051 300 1272 348 (oppidum
1289 301 1467 338 badense
1496 303 1559 336 vix

158 372 180 402 [ι
206 379 227 403 a
251 368 409 403 Basilea
434 367 633 403 milliaria
660 368 899 414 germanica
922 365 1155 414 dissitum,)
1182 371 1220 403 et
1242 367 1410 411 quidem
1438 377 1561 412 spon-

157 440 337 469 taneam.
383 431 601 481 (Ceterum
634 434 679 469 in
714 433 907 468 Helvetia
938 443 1026 467 non
1059 432 1241 478 amplius
1278 443 1412 475 nova3
1454 433 1562 468 inter

160 499 324 548 corylos
344 508 474 544 prope
498 499 661 534 Bernau
688 499 852 534 invenit
878 499 921 534 b.
936 499 1171 540 TRACHSEL3
1197 508 1327 543 prope
1342 497 1560 543 Altorfcl.

162 564 330 604 Lussmz,
360 563 415 597 M.
437 562 516 610 D.)
536 563 660 598 Malo.
680 557 747 634 ’ἱξ-

242 648 350 696 (Hoc
372 649 463 684 loco
492 648 702 695 praeterire
720 649 939 685 noluimus
963 650 1003 685 S.
1022 648 1320 684 autumnalem
1334 648 1378 683 L.
1399 648 1443 682 in
1462 647 1564 682 colle

162 715 344 750 calcareo
371 725 499 761 prope
534 715 763 762 orschwyr
783 716 896 752 etim
926 713 1197 750 Kastelwald
1220 723 1350 760 prope
1383 713 1566 748 Colmar-

166 790 234 813 nm
266 778 474 825 obviam.)

238 874 566 922 ANTHEmcuM
604 891 873 922 ramosum
916 876 973 924 L.

240 962 333 997 Loc.
366 972 410 997 n.
437 961 566 997 adde:
606 961 652 995 ln
681 962 733 997 M.
767 961 1014 997 Sclzwdrze.
1051 961 1097 995 In
1129 959 1342 1009 sylvaticis
1371 958 1570 1003 rupestri-

168 1028 242 1061 bus
274 1027 383 1061 inter
416 1025 662 1073 Vo'yislzeim
695 1030 733 1062 et
757 1026 1008 1062 Rheinthal.

237 1124 295 1188 2)
334 1127 547 1188 Liliago
586 1127 641 1176 L.

246 1215 339 1248 Loc.
361 1225 405 1248 n.
435 1214 565 1249 adde:
602 1214 650 1248 In
677 1213 732 1247 Μ.
762 1211 1012 1248 Schwc'irze.

239 1315 397 1375 (Pag.
423 1310 567 1376 316:)
605 1312 890 1360 ASPARAGUS
928 1312 1210 1372 officinalis
1241 1311 1295 1357 L.

247 1401 341 1435 Loc.
369 1411 413 1435 n.
443 1399 572 1435 adde:
613 1399 661 1434 In
688 1399 829 1435 insula
857 1399 994 1434 Rheni
1018 1408 1148 1445 prope
1178 1397 1315 1434 Merlct
1338 1395 1549 1442 frequens.

243 1501 399 1564 (Pag.
426 1499 563 1562 322.)
601 1500 797 1548 Aeones
848 1499 1103 1546 Calamus
1143 1498 1203 1552 L,

250 1590 345 1624 Loc.
374 1601 417 1624 n.
443 1589 570 1625 adde:
610 1589 655 1623 ln
696 1586 859 1632 piscina
893 1585 1007 1621 villae
1044 1585 1193 1621 mediae
1229 1581 1574 1627 Gundeldinqen.

175 1656 307 1700 Prope
334 1654 585 1702 Hizyelheim
612 1657 650 1689 et
675 1651 1004 1688 Delemontium.
1023 1649 1226 1698 (Gramen
1252 1648 1344 1685 sine
1366 1646 1496 1682 dubio
1515 1645 1580 1681 in-

176 1716 384 1763 vectum.)

178 1790 246 1837 Et
285 1793 398 1838 323.
433 1791 478 1839 J.
524 1790 949 1849 conglomeratus
983 1787 1039 1832 L.
1101 1795 1152 1831 et
1198 1785 1245 1833 J.
1286 1784 1490 1845 effusus
1520 1784 1580 1830 L.

179 1873 274 1922 pro
320 1874 421 1904 var.
469 1859 516 1906 J.
566 1855 854 1902 communis
892 1854 951 1905 E.
990 1854 1169 1901 MEYER
1205 1851 1355 1900 etiam
1403 1867 1428 1897 a
1472 1849 1576 1899 Cel.

177 1926 356 1974 KUNTH
394 1934 773 1990 proponuntur.

253 2041 410 2105 (Pag.
439 2038 586 2104 324.)
607 2041 730 2088 Post
751 2041 975 2086 Juncum
998 2035 1228 2097 effusum
1245 2034 1300 2081 L.
1323 2043 1580 2098 sequatur:

251 2125 355 2193 24⁵)
395 2130 627 2192 dfflasus
677 2127 880 2185 HoPPE3
934 2123 1208 2171 rhizomate
1255 2120 1579 2181 horizontali,

187 2198 351 2245 culmo
386 2196 524 2245 nudo
558 2194 810 2243 subtiliter
848 2192 1024 2239 striato
1068 2190 1222 2238 dense
1252 2189 1441 2251 far-cto,
1495 2205 1583 2235 an-

186 2264 321 2313 thela
351 2264 540 2312 laterali
561 2261 902 2326 decomposita
924 2258 1180 2315 conferta,
1220 2257 1429 2305 floribus
1470 2256 1583 2305 6an-

189 2331 293 2381 dris
322 2333 603 2399 peracutis,
639 2329 766 2392 stylo
808 2327 1091 2388 manifesto,
1144 2325 1344 2390 capsula
1373 2324 1584 2372 obovata

191 2401 372 2450 obtusa
410 2409 737 2449 mucronata.
759 2437 769 2447 .
796 2432 807 2442 .
843 2397 1031 2445 Sturm.
1072 2395 1105 2446 1.
1151 2395 1232 2444 77.

254 2483 316 2531 A.
355 2484 403 2531 J.
437 2484 624 2545 glauco
661 2481 715 2530 L.
757 2477 936 2526 differt
975 2476 1140 2524 culmo
1171 2472 1389 2522 medulla
1429 2472 1585 2519 conti-

192 2567 290 2599 nua
316 2550 496 2612 sat-cto,
518 2546 682 2609 viridi,
711 2546 964 2595 subtiliter
982 2544 1188 2605 striat03
1225 2559 1250 2589 a
1270 2543 1317 2590 J.
1337 2540 1505 2603 effuso
1526 2540 1583 2586 L.

190 2617 400 2667 floribus
437 2614 705 2667 hexandris
757 2614 892 2681 (qui
936 2613 987 2661 in
1040 2611 1123 2660 illo
1159 2607 1373 2660 triandri
1406 2617 1524 2657 sunt
1539 2605 1584 2670 )‚
