1685 2901
1498 168 1533 204 V

179 292 291 340 Huc
330 304 488 356 porro
524 283 882 347 intendebam,
924 294 982 332 ut
1015 282 1163 348 Casp.
1197 280 1409 331 Bauhini
1438 296 1534 328 no-

112 382 275 443 mina,
316 391 366 427 et
392 388 640 444 quantum
667 375 894 440 autopsia
921 373 1056 421 horti
1094 373 1200 438 ejus
1242 372 1361 419 sicci
1398 386 1533 419 com-

111 470 403 536 paratisque
437 481 724 514 coaevorum
764 479 977 511 suorum
1021 460 1313 524 synonymis
1360 458 1530 507 facere

111 559 281 621 licuit,
323 569 372 605 et
409 556 537 604 duce
570 551 800 619 ejusdem
829 551 1056 615 catalogo
1098 550 1204 615 agri
1237 547 1530 596 basileensis

111 646 452 694 emendarem.
510 645 678 707 Quem
724 640 934 708 quidem
981 639 1266 703 catalogum
1306 637 1346 685 si
1383 647 1532 684 auto—

110 753 190 784 res
228 736 386 800 magis
431 732 834 794 consuluissent,
892 729 1093 779 Pinacis
1134 745 1280 795 aeque
1319 743 1374 773 ac
1406 726 1533 774 Pro-

112 824 276 872 dromi
302 823 739 871 denominationes
762 837 895 885 saepe
923 819 1118 867 felicius
1140 816 1356 864 fuissent
1372 815 1535 863 inter-

108 915 310 980 pretati.
358 915 602 961 Ceterum
626 908 944 958 monendum
976 920 1051 956 est
1071 944 1089 967 ,
1120 907 1531 973 quotiescunque

107 1003 416 1051 Herbarium
443 1000 654 1049 Bauhini
688 1001 902 1061 citetur,
945 998 1143 1046 nonnisi
1185 1015 1240 1044 ea
1273 990 1401 1043 iliius
1437 1010 1534 1042 no-

111 1094 242 1140 mina
285 1090 598 1155 autographa
629 1106 737 1136 esse
762 1124 776 1151 ,
811 1105 927 1155 quae
960 1087 1203 1135 asterisco
1253 1096 1531 1145 notantur,

111 1193 295 1228 caetera
336 1197 455 1227 vero
498 1178 856 1226 botanicorum
907 1192 1198 1225 coaevorum
1236 1173 1312 1223 vel
1355 1172 1534 1222 saltem

111 1282 341 1317 veterum
373 1267 604 1317 manibus
649 1284 758 1316 esse
790 1267 1092 1332 conscripta.

177 1445 333 1509 Quod
376 1445 439 1492 ad
482 1445 783 1493 methodum
829 1447 1046 1506 attinet,
1086 1461 1238 1510 quam
1281 1443 1330 1489 in
1365 1442 1529 1508 primo

108 1535 392 1595 volumine,
442 1546 708 1599 praeeunte
761 1534 839 1581 Cl.
878 1535 1072 1595 SMITH,
1128 1531 1426 1593 observavi,
1480 1542 1532 1577 et

108 1625 155 1670 in
194 1623 284 1670 hae
331 1623 498 1687 operis
545 1633 721 1687 parte,
776 1633 833 1668 ut
882 1621 1073 1668 seilicet
1109 1619 1231 1667 mihi
1275 1620 1368 1684 ipsi
1409 1635 1534 1666 con-

107 1723 332 1770 starem,
371 1722 576 1757 secutus
615 1728 759 1772 sum,
798 1710 1062 1775 quamvis,
1099 1722 1156 1757 ut
1184 1725 1301 1756 vera
1338 1707 1529 1770 fatear,

103 1818 217 1865 quae
274 1798 425 1846 hodie
481 1799 610 1847 valet
663 1800 830 1861 ratio,
881 1811 1101 1861 systema
1140 1797 1369 1846 naturale
1414 1813 1532 1845 eum

106 1888 346 1935 artificiali
387 1887 763 1953 conjungendi,
798 1900 849 1936 et
879 1887 1001 1938 mihi
1027 1891 1185 1952 magis
1221 1885 1531 1935 arrideat.—

108 1980 162 2024 In
218 1995 276 2024 eo
330 1990 498 2025 tamen
551 1996 576 2024 a
630 1978 789 2043 priori
851 1978 925 2024 via
985 1975 1205 2037 deflexi,
1269 1973 1410 2040 quod
1469 1992 1530 2022 ex

51 2058 53 2060 .
108 2067 384 2115 amicorum
456 2068 704 2114 sententia
779 2066 972 2132 species
1036 2065 1111 2113 vel
1168 2064 1388 2112 rariores
1452 2063 1529 2110 vel

111 2157 315 2217 cognitu
388 2154 696 2204 difficiliores
754 2154 906 2221 paulo
959 2154 1120 2202 fusius
1178 2151 1527 2218 expone-bam,

109 2245 157 2288 in
227 2247 487 2307 propo-sito
556 2243 881 2292 nihilominus
957 2242 1039 2290 illo
1100 2241 1396 2303 inhaerem,
1469 2252 1530 2289 ut

109 2332 339 2395 stirpium
417 2333 760 2382 aberrationes
830 2331 1089 2381 lubentius
1163 2347 1256 2396 pro
1314 2329 1529 2378 varieta-

113 2419 247 2466 tibus
286 2419 561 2480 haberem,
611 2439 765 2487 quam
805 2438 926 2472 vero
961 2421 1249 2487 specierum
1288 2417 1530 2484 farragini

110 2505 369 2555 adderem.
