1685 2901
190 146 252 193 sso
685 145 1086 198 UmssssLmFEnAE.

260 272 362 329 (D.
415 270 636 319 obovata
670 273 741 319 M.
770 283 821 320 et
843 273 901 320 K.
952 270 1143 333 (Rchb.
1174 269 1206 323 s.
1239 267 1426 334 4525.)
1459 269 1585 320 huc-

190 355 350 403 usque
388 336 564 401 latet.)

260 438 512 489 CnAssunA
555 443 744 490 rubens
770 446 825 492 L.

261 529 353 565 Loc.
369 531 546 567 n.adde:
568 533 678 568 Inter
691 534 848 569 Riehen
864 531 1053 579 (ditionis
1065 530 1183 567 basil.
1199 541 1274 567 nec
1288 529 1384 566 bad.
1399 549 1448 557 —
1466 530 1578 569 Corr,

194 596 418 644 Kochium)
454 602 493 632 et
524 599 719 634 Lc'rrach
758 600 1011 634 dextrorsum
1047 597 1090 632 in
1128 597 1232 632 colle
1263 593 1438 632 herbido
1472 595 1586 642 juxta

190 661 300 695 viam
334 671 527 707 magnam
551 663 596 697 in
626 664 832 699 consortio
858 665 896 698 S.
927 663 1074 707 reflexi
1090 666 1128 698 et
1142 662 1179 697 S.
1201 661 1518 708 sexanqularis.
1539 680 1587 687 —

190 727 235 760 In
267 727 375 772 agris
403 728 596 773 neglectis
630 728 737 763 inter
775 728 961 774 Klybeclc
991 731 1030 763 et
1057 731 1227 773 pontem
1261 726 1431 768 Wiesae,
1479 726 1584 766 loco,

189 792 484 828 Brandwezdlz·
511 797 675 835 vocato,
709 803 823 828 secus
847 794 1036 828 semitam
1064 802 1207 828 versus
1237 801 1406 838 parvam
1427 791 1588 827 Hunin-

194 867 286 903 gam
334 859 550 894 ducentem
592 860 773 893 LABRAM.
843 860 942 905 Auf
979 859 1060 894 den
1112 857 1445 904 Galqenfeldern
1481 857 1589 892 inter

191 923 463 960 Kleinrielzen
495 928 532 960 et
566 925 708 960 vineas
732 925 955 959 Riehenses
987 925 1095 958 inter
1126 924 1342 959 Rumicem
1377 921 1589 958 Acecosel-

195 990 285 1023 Iam
301 989 360 1030 L.,
379 1000 460 1034 quo
484 990 584 1024 olim
605 991 820 1025 invenerat
838 991 1007 1024 Lacum.
1027 1007 1075 1014 -—
1090 989 1199 1023 Inter
1218 988 1420 1023 Ho‘rnlein
1440 991 1479 1022 et
1495 989 1591 1023 Bet-

195 1055 304 1089 tz‘lcen
337 1054 388 1089 ad
408 1055 518 1088 viam
548 1065 672 1100 supra
701 1057 777 1091 der
799 1060 954 1090 untern
986 1054 1223 1089 Ruhebank
1249 1055 1348 1088 Rev.
1375 1052 1536 1087 MiiNcn.

265 1124 429 1188 (Pag.
471 1125 615 1189 297.)
652 1129 916 1176 MYosmms
956 1130 1204 1175 minimus
1239 1128 1294 1173 L.

264 1209 331 1255 Ic.
367 1207 532 1259 Rchb.
576 1210 716 1256 XIII.
762 1209 795 1256 f.
825 1207 973 1257 4569.

273 1296 320 1329 In
338 1305 436 1341 agro
467 1296 689 1342 argillaceo
711 1306 837 1342 supra
870 1297 964 1332 dem
997 1293 1270 1330 Bruderholz
1299 1292 1377 1329 Ad.
1408 1295 1591 1331 chumz.

196 1360 352 1395 Ibidem
381 1361 463 1396 Cel.
492 1363 714 1403 Mmssxffiz,
734 1361 844 1397 Prof.
869 1362 952 1396 bot.
970 1361 1015 1394 ln
1041 1360 1150 1405 agris
1175 1359 1283 1394 inter
1300 1359 1593 1397 Miihlhausen

195 1430 231 1460 ct
269 1425 493 1462 Gebweder
516 1426 725 1472 frequens.

766 1617 1043 1624 -——-—--—-—

446 1776 1351 1851 HEXANDRIA.

268 1911 438 1975 (Pag.
468 1911 618 1975 299.)
659 1913 918 1960 LEucanM
948 1929 1166 1960 vernum
1207 1913 1258 1962 L.

267 2003 310 2049 β.
356 1995 536 2057 biceps,

275 2085 368 2119 Loc.
388 2095 430 2118 n.
462 2083 581 2118 adde:
614 2083 822 2126 Frequens
855 2081 897 2116 in
930 2081 1109 2117 dumetis
1134 2091 1264 2126 prope
1293 2078 1528 2117 Arlesheim
1554 2085 1591 2116 et

199 2149 244 2181 in
273 2148 400 2193 pratis
423 2148 530 2182 circa
555 2146 750 2182 balneum
769 2148 904 2193 Bury.
934 2147 1063 2191 Prope
1092 2145 1379 2192 Reiyoltswyl.
1406 2144 1495 2192 (Ad
1519 2155 1593 2189 pe-

200 2214 294 2248 dem
323 2213 398 2248 der
418 2211 684 2259 Lo'fslersfluh
707 2212 764 2247 im
787 2210 912 2247 obern
932 2208 1188 2258 Friclctlzal.)
1215 2207 1259 2258 β.
1288 2210 1420 2256 Prope
1448 2210 1592 2247 Arles-

195 2278 323 2315 heim.

267 2349 432 2413 (Pag.
457 2349 596 2412 300.)
622 2349 887 2398 NARcrssus
909 2351 1108 2412 pseudo
1124 2379 1146 2388 -
1167 2352 1453 2401 Narcissus
1489 2349 1543 2394 L.

265 2434 311 2483 β.
360 2434 542 2496 biceps.

275 2520 366 2555 Loc.
393 2532 431 2555 n.
466 2520 593 2557 adde:
621 2521 668 2555 In
690 2519 799 2555 arvis
827 2529 953 2565 prope
977 2518 1218 2556 Rheinach.
1246 2518 1291 2566 β.
1319 2517 1450 2564 Prope
1469 2516 1591 2551 Misn—

200 2585 427 2621 chenseez'n.
