1685 2901
204 173 295 226 104
732 174 1060 222 PoLvANnmA.

267 299 335 345 Ic.
375 296 536 345 Rchb.
573 298 627 349 C.
659 299 796 347 XIII.
824 298 858 354 f,
911 296 1056 347 4617.
1098 296 1230 362 (pro
1269 298 1327 344 R.
1355 299 1588 362 hirsuto)

201 368 375 414 Sturm
418 367 458 417 l.
499 369 577 418 82,

273 455 367 490 Loc.
396 464 440 488 n.
475 453 605 490 adde:
645 455 691 489 In
726 454 853 499 pratis
885 453 1090 490 exs1ccatis
1113 453 1184 490 des
1217 453 1280 490 W
1281 453 1594 490 iissereweilters

196 520 305 555 inter
329 517 588 567 Neuenbury
603 522 641 555 et
657 519 880 557 Miillheim
896 519 1074 565 copiose.
1111 520 1220 554 Inter
1248 518 1540 556 Miihlhausen
1558 524 1595 553 et

199 586 450 623 Bollweiler.

274 688 353 748 11)
398 690 639 735 arvensis
676 688 730 734 L.

270 770 337 818 Ic.
383 767 548 817 Rchb.
581 767 610 814 Ι.
656 785 696 814 c.
743 766 774 814 f.
817 765 960 818 1614.
1004 766 1195 814 Sturrn.
1240 766 1278 812 1.
1319 768 1400 816 82.

269 851 312 900 [3.
343 850 720 905 acherontiam&
788 846 1015 913 carpellis
1047 846 1200 894 latere
1251 858 1470 910 utroque
1517 856 1597 889 tua

205 917 422 964 herculis
449 915 746 981 prominulis
772 916 1098 979 margineque
1135 913 1510 962 brevidentatls‚
1534 911 1596 957 R.

207 983 552 1032 tuberculatus
583 983 694 1031 DC.
730 995 849 1045 syst.
900 981 1063 1030 Rchh.
1110 982 1140 1033 l.
1186 999 1227 1032 c.
1273 980 1316 1027 β.

278 1073 374 1108 Loc.
400 1082 444 1108 n.
465 1072 513 1123 β.
542 1073 651 1109 Inter
682 1084 725 1113 α.
751 1071 900 1108 rarius.

271 1191 435 1254 (Pag.
463 1191 586 1255 70.)
630 1190 723 1252 13)
759 1193 1012 1252 aquatilis
1044 1190 1153 1240 DC.

270 1274 340 1321 Ic.
381 1273 557 1322 Sturm
577 1272 617 1318 Ι.
647 1271 728 1326 67,
755 1287 797 1317 c.
822 1288 923 1323 var.
965 1269 1117 1322 Labr.
1151 1268 1268 1318 fasc.
1297 1266 1408 1317 109.
1435 1265 1597 1316 Rchb.

205 1342 236 1387 l.
270 1358 313 1388 c.
353 1339 393 1387 f.
429 1338 575 1390 4576.
618 1356 659 1390 c,
703 1355 805 1390 var.

338 1429 415 1476 αβ.
457 1419 613 1469 adde:
649 1421 710 1468 R.
756 1418 984 1485 aquatilis
1025 1443 1070 1469 α.
1100 1419 1332 1480 peltatas
1370 1418 1416 1466 β.
1453 1426 1603 1463 tran-

208 1500 355 1539 catus
389 1500 440 1536 et
484 1490 522 1539 ὃ.
552 1491 860 1551 tripartitus
899 1485 1075 1534 Kochii
1111 1487 1230 1547 Syn.
1275 1484 1411 1548 (non
1453 1482 1599 1542 DC.)

205 1557 264 1604 R.
310 1556 530 1605 Petiveri
582 1558 757 1605 Sturm
799 1557 839 1607 Ι.
881 1558 960 1602 82.

273 1634 316 1683 Β.
356 1635 514 1684 adde:
551 1638 614 1685 R.
657 1648 823 1702 aquae.
866 1654 912 1686 γ.
968 1635 1163 1682 5lobas
1204 1632 1395 1684 Kochii.

275 1749 321 1781 ν.
363 1734 647 1793 cespitosas
686 1732 894 1777 Tuum..
937 1729 995 1773 In
1021 1731 1183 1773 Extr.
1219 1727 1311 1772 des
1350 1726 1515 1776 Mem.
1542 1726 1604 1770 cle

210 1802 266 1847 la
290 1794 479 1846 socie'ce'
532 1799 715 1862 royale
756 1804 846 1842 etc.
889 1795 952 1840 de
988 1796 1175 1857 Nancy
1206 1810 1344 1854 pour
1396 1795 1538 1846 1839.
1581 1809 1605 1836 a

212 1865 286 1916 Cl.
310 1866 557 1914 Goumzon
579 1881 672 1929 pro
694 1862 858 1928 specie
879 1861 1100 1926 petitur,
1138 1859 1362 1924 carpellis
1400 1860 1605 1907 minori-

209 1934 305 1982 bus
345 1932 526 1997 glabris
565 1949 591 1978 a
627 1935 689 1981 R.
734 1932 961 1993 aquatili
1004 1927 1253 1976 diversus,

279 2007 314 2060 ὃ.
358 2015 683 2076 stagnatilis.
731 2011 1104 2075 Supprimatur.
1154 2005 1281 2058 Vide
1320 2005 1537 2056 N⁰.13*.

284 2095 386 2154 (R.
434 2095 750 2156 capillaceas
806 2094 1079 2153 aquaticus
1125 2107 1239 2137 cum
1279 2088 1505 2150 globulis
1552 2090 1607 2133 in

217 2166 552 2210 extremitate
579 2161 845 2223 foliorum
888 2159 1221 2219 inferiorum.
1265 2158 1481 2219 Mappc'i
1521 2156 1605 2201 Fl.

216 2232 330 2280 Als.
384 2248 438 2292 p·
490 2229 604 2277 262.
664 2226 824 2274 errori
879 2224 1116 2274 debetur.
1206 2225 1427 2271 Utriculi
1477 2221 1607 2269 enim

218 2300 556 2345 lenticulares
590 2293 872 2360 pedicellati
899 2310 958 2340 ex
986 2293 1221 2340 foliorum
1259 2290 1443 2351 axillis,
1484 2304 1605 2355 quas

215 2365 450 2429 Mappius
505 2380 619 2410 cum
682 2364 1036 2410 Utriculariae
1088 2358 1314 2415 ,vesiculis
1379 2356 1607 2414 confert,

220 2444 411 2480 armato
453 2431 598 2479 oculo
638 2429 778 2477 facile
815 2445 907 2492 pro
944 2427 1178 2476 foliorum
1215 2426 1490 2474 natantium
1520 2439 1607 2471 ru-

221 2497 456 2546 dimentis
487 2508 881 2561 cognoscuntur.
933 2493 1196 2562 Ejusmodi
1244 2494 1510 2560 specimina
1557 2491 1607 2536 in

222 2566 455 2614 herbario
485 2563 898 2626 conservamus.)
