1685 2901
641 147 960 197 HExANDmA.
1446 150 1503 199 61

166 272 333 336 (Pag.
359 269 504 335 301.)
541 271 736 324 Annum
777 276 1211 338 ampeloprasum
1257 273 1315 321 L.

163 341 461 389 Definitioni
482 339 636 390 addas
658 363 668 390 :
699 342 886 406 „bulbo
905 342 1153 409 sphaerico
1170 343 1305 391 intus
1326 340 1507 391 utrim-

99 425 197 475 que
239 409 577 464 sobolifero,“

166 477 362 539 (Planta
388 477 556 525 haecce
594 495 619 525 a
657 478 891 527 HALLERO
932 479 981 526 in
1024 488 1243 526 tractatu
1274 475 1338 525 de
1374 475 1505 526 Allio

93 544 181 597 ΝΟ.
212 548 257 594 5.
297 545 551 612 descripta
585 546 645 594 ab
683 547 979 596 auctoribus
1017 547 1234 595 multum
1272 557 1503 594 vexatur.

96 613 243 661 Bulbi
304 613 527 676 (radicis
572 614 734 677 Hall.)
794 617 945 678 situs,
1015 614 1155 692 quod
1214 631 1396 680 nempe
1443 614 1508 662 sit

94 684 377 744 lateralis,
427 684 783 733 controversiae
825 684 892 732 illi
933 684 1158 749 inprimis
1183 700 1350 730 ansam
1376 697 1508 748 prae-

94 749 266 797 buisse
317 749 535 800 videtur.
629 751 733 800 Sed
785 751 915 800 bene
979 750 1324 811 monendum,
1386 750 1508 799 Hal-

97 818 260 866 lerum
300 819 348 866 in
392 820 521 866 Hist.
566 819 723 884 Stirp.
776 821 862 875 N0
895 821 1042 869 1218.
1089 820 1218 867 illam
1263 831 1507 868 tractatus

94 887 170 934 sui
203 887 490 951 opinionem
516 885 865 953 dereliquisse,
906 887 1098 935 addens
1122 889 1387 936 nimirum:
1427 903 1510 935 ra—

94 952 259 1001 dicem
306 971 413 1001 esse
462 971 723 1002 carnosam
766 959 1096 1018 sphaericam.
1132 955 1327 1004 -Cel.
1368 957 1507 1005 Kocn

94 1023 142 1069 in
180 1021 255 1069 Fl.
294 1039 450 1086 germ.
525 1023 588 1070 ΙΙ.
642 1041 689 1088 p
741 1026 852 1075 524
893 1036 945 1071 et
979 1024 1029 1071 in
1067 1025 1361 1088 Synopsip.
1389 1026 1504 1075 718

92 1090 345 1154 potiorem
372 1092 507 1139 Allii
532 1094 895 1155 ampeloprasc'
919 1090 1298 1140 differentiam
1288 1109 1337 1140 ln
1364 1090 1506 1139 caule

89 1161 309 1207 laterali
344 1160 555 1225 quaerit,
605 1163 763 1207 citans
796 1162 855 1208 ic.
886 1161 1023 1208 Clus.
1055 1161 1185 1208 Hist.
1214 1161 1251 1212 Ι.
1295 1177 1346 1226 p.
1390 1161 1503 1215 190,

95 1226 569 1292 (Scorodoprasum
593 1228 684 1291 I.)‚
724 1246 839 1293 quae
867 1230 979 1275 icon
1007 1246 1125 1276 vero
1153 1228 1376 1276 culmum
1404 1228 1508 1276 evi-

95 1293 277 1342 denter
303 1313 327 1342 e
353 1295 509 1343 bulbo
547 1296 714 1343 medio
755 1309 1101 1361 emergentem
1139 1297 1298 1356 sistit,
1338 1294 1507 1362 quod·-

95 1379 194 1428 que
241 1364 389 1411 etiam
434 1362 630 1411 obtinet
668 1365 717 1411 in
766 1366 999 1413 M1enEL11
1035 1381 1147 1415 nov.
1194 1364 1261 1429 pl.
1309 1381 1425 1429 gen.
1467 1376 1500 1413 t.

97 1427 176 1478 14.
219 1429 254 1483 f.
304 1433 349 1479 5.
401 1429 540 1493 (nec
580 1433 658 1480 95
699 1432 771 1479 uti
809 1431 962 1480 habet
1002 1432 1300 1494 Hallerus)‚
1352 1449 1505 1498 quam

94 1499 307 1562 figuram
349 1499 531 1564 allegat
580 1500 684 1564 ipse
741 1500 989 1548 Hallerus.
1050 1500 1241 1548 Bulbus
1286 1450 1502 1564 pleilntae,

96 1584 247 1633 quam
288 1585 382 1632 ope
414 1567 557 1616 bulbi
594 1568 685 1614 vivi
720 1585 746 1614 a
783 1568 854 1616 Cl.
885 1570 945 1617 Ε.
996 1570 1207 1616 THOMAS
1235 1568 1504 1617 nobiscum

94 1637 447 1684 communicati
467 1638 515 1682 in
544 1636 749 1700 proprio
790 1634 939 1684 horto
974 1637 1240 1698 coluimus,
1267 1639 1502 1702 sequenti

93 1702 246 1750 modo
310 1721 418 1751 sese
475 1703 671 1751 habuit.
765 1704 885 1752 Fuit
941 1720 1122 1769 nempe
1176 1704 1365 1753 bulbus
1420 1704 1501 1752 ille

91 1770 365 1836 sphaericus
410 1770 664 1833 tumidus,
719 1775 984 1819 continens
1036 1774 1168 1821 inter
1213 1774 1500 1822 tunicarum

90 1852 311 1888 stramen
337 1841 567 1888 intimum
613 1852 662 1887 et
697 1840 850 1887 caulis
893 1840 1033 1888 basin
1075 1853 1297 1907 utroque
1343 1842 1501 1890 latere

91 1907 317 1956 sobolem
353 1909 453 1956 sive
493 1908 759 1956 bulbillum
805 1909 1037 1957 conicum
1074 1909 1177 1957 basi
1217 1912 1389 1973 latum,
1429 1909 1498 1957 la—

96 1989 203 2023 tere
240 1977 471 2037 interno,
527 1994 628 2041 quo
669 1976 835 2024 culmo
877 1979 1101 2043 apprime
1133 1977 1355 2043 adjacet,
1407 1976 1500 2025 de-

92 2043 260 2108 plano.
315 2043 413 2107 (In
455 2044 726 2106 specimine
762 2045 1045 2093 luxuriante
1086 2046 1222 2093 culto
1266 2047 1402 2094 intus
1446 2048 1497 2094 in

91 2110 249 2159 bulbo
288 2110 586 2177 4ejusmodi
629 2112 864 2161 bulbillos
911 2113 1041 2175 vidi,
1081 2113 1232 2161 caulis
1268 2114 1374 2161 basi
1406 2111 1498 2162 ad-

93 2178 351 2243 plicatos.)
407 2181 567 2228 Extus
604 2180 667 2228 ad
703 2179 846 2229 bulbi
878 2181 1017 2229 basin
1047 2181 1241 2230 bulbilli
1272 2181 1366 2230 allii
1402 2182 1497 2237 mi-

95 2263 244 2295 nores
281 2247 439 2295 conici
476 2247 758 2313 subtrigoni
785 2249 975 2298 fibrinis
1013 2249 1296 2311 adhaerent,
1329 2250 1420 2316 qui
1443 2251 1494 2299 in

95 2317 153 2365 A.
196 2317 371 2363 Porro
419 2317 616 2363 nonnisi
671 2318 921 2366 rarissime
979 2317 1177 2369 adsunt.
1241 2350 1296 2358 —
1344 2320 1492 2367 Tunc

95 2382 319 2446 demum,
354 2383 558 2450 quando
592 2384 830 2434 bulbillus
869 2387 1097 2435 internus
1139 2386 1266 2434 alter
1305 2384 1494 2447 deficit,

96 2451 289 2499 culmus
342 2451 556 2500 lateralis
583 2466 821 2529 'apparet
861 2486 926 2493 —
965 2455 1023 2502 In
1071 2456 1128 2505 A.
1172 2456 1343 2503 Porro
1388 2454 1493 2505 duo

95 2519 159 2567 illi
185 2519 377 2568 bulbilli
410 2520 594 2569 interni
630 2521 704 2569 vel
739 2522 882 2588 plane
912 2522 1129 2584 desunt,
1169 2522 1244 2571 vel
1281 2522 1367 2571 ubi
1402 2522 1494 2572 ad-

94 2588 224 2649 sint,
276 2587 513 2637 emarcidi
571 2590 926 2656 reperiuntur,
975 2608 1076 2657 quo
1112 2591 1166 2640 fit
1207 2602 1264 2640 ut
1305 2590 1492 2641 bulbus
