1685 2901
613 120 920 174 DmYNAfflA.
1416 128 1505 177 107

99 248 320 299 antibus.
378 252 437 297 A.
486 250 712 316 pyramid
784 251 919 302 Flor.
964 250 1068 299 has.
1110 250 1258 300 Schk.
1311 266 1342 298 ι.
1389 255 1501 303 155.

98 317 313 366 Labram
360 319 421 365 ic.
475 319 534 366 ad
579 347 625 373 oc.
675 332 757 368 cut.

161 394 196 447 ὃ.
241 402 638 465 glabr-iuscula3
699 402 890 468 major,
947 400 1078 450 foliis
1126 400 1293 450 obiter
1339 418 1510 448 crena·

93 470 154 517 tis
192 469 571 534 glabriusculis,
609 471 819 519 floribus
861 469 1269 537 speciosioribus.

155 578 187 604 ε.
228 571 417 615 rosea5
470 553 681 604 floribus
728 571 921 604 amoene
962 552 1152 602 rubris.

170 649 263 685 Loc.
292 660 336 683 n.
366 657 410 690 γ,
441 651 487 685 In
515 650 624 696 agris
648 650 847 696 glareosis
869 649 1068 697 neglectis
1096 649 1211 695 juxta
1232 647 1342 683 viam
1376 649 1504 694 Burg-

101 712 331 750 feldensem
364 719 403 749 et
433 717 583 761 passim
617 715 721 750 alibi
756 715 868 752 inter
897 722 943 750 οι.
969 735 1016 746 -
1046 713 1083 763 ὃ.
1120 714 1237 750 Locis
1265 713 1508 750 humidius-

90 779 195 814 culis
220 779 331 816 inter
358 792 404 819 α.
430 801 480 806 -
509 795 540 822 ε.
578 782 710 827 Supra
739 792 872 818 cornu
902 783 1180 818 Grenzacense
1207 782 1306 816 Rev.
1341 779 1500 815 ΜίἱΝειῑ,

160 871 212 932 sl)
257 874 642 939 Clzamaepitys
688 876 897 925 Senam,

156 955 267 1000 Fiat
305 955 500 1019 species
550 961 726 1005 tertia.

166 1064 341 1127 (Pag.
384 1066 519 1129 78.)
581 1068 842 1117 TeucmuM
893 1068 1178 1117 Scordium
1217 1070 1274 1118 L.

162 1158 304 1204 Nuper
329 1158 582 1197 Miihlhusiae
619 1173 705 1198 non
736 1162 921 1208 amplius
944 1164 1221 1199 observatum.

164 1252 344 1316 (Pag.
379 1255 499 1316 79.)
557 1266 872 1305 montanam
906 1258 965 1306 L.

170 1349 264 1383 Loc.
294 1359 338 1384 n.
368 1349 497 1385 adde:
542 1352 752 1396 Frequens
783 1352 828 1386 in
858 1351 1037 1387 collibus
1069 1351 1176 1387 inter
1218 1351 1429 1398 Esrz'nqen
1467 1354 1504 1386 et

104 1415 249 1449 Istev'w.

159 1507 341 1570 (Pag.
385 1507 511 1572 80.)
565 1510 764 1558 NEPETA
810 1512 1040 1560 Cataria
1082 1513 1137 1559 L.

159 1592 225 1639 lc.
267 1590 482 1638 Labrarn
526 1592 639 1640 fasc.
697 1592 807 1644 104,
855 1595 986 1642 Nees
1036 1595 1165 1643 Gen.
1208 1592 1393 1640 XVIII.
1450 1594 1490 1640 8,

87 1661 262 1707 Sturm
308 1661 347 1705 I.
389 1659 470 1713 84.

153 1738 195 1786 Β.
237 1742 540 1802 denudata3
594 1740 722 1789 foliis
766 1743 1024 1809 utrimque
1050 1741 1297 1791 viridibus
1330 1740 1496 1791 nudis‘

161 1837 256 1874 Loc.
288 1847 333 1871 n.
372 1837 420 1885 β.
445 1837 581 1882 Prope
605 1837 808 1883 ss'euclorf
829 1837 891 1875 C).
922 1839 1103 1872 LABRAM.

151 1928 338 1991 (Pag.
379 1930 508 1991 81.)
564 1931 800 1979 VERBENA
844 1933 1125 1992 officinalis
1173 1935 1227 1978 L.

150 2013 196 2059 β.
236 2009 385 2058 Flore
430 2010 560 2058 albo.
603 2028 649 2066 7,
686 2012 837 2062 Flore
882 2030 1047 2064 roseo,

158 2104 252 2138 Loc.
281 2115 325 2139 n.
353 2102 397 2151 β.
427 2106 575 2142 Versus
599 2107 851 2153 patibulum.
874 2118 920 2151 γ.
949 2110 994 2143 In
1024 2118 1118 2144 area
1144 2108 1330 2154 neglecta
1353 2105 1493 2152 (olim)

87 2168 232 2203 Palatii
255 2170 313 2205 sic
341 2169 442 2206 dicti
466 2172 800 2218 Margraviensis.

150 2260 365 2312 MENTHA
408 2268 686 2330 sylvestris
729 2270 786 2316 L.
833 2269 1006 2331 (Nees
1070 2269 1198 2316 Gen.
1239 2267 1359 2317 XX.
1409 2266 1488 2329 5.)

149 2345 350 2393 Formae
390 2345 540 2411 hujus
587 2349 769 2413 speciei
816 2349 1164 2417 polymorphae
1214 2347 1349 2416 apud
1396 2365 1486 2396 nos

83 2413 339 2479 praecipue
384 2413 697 2479 observatae,
752 2431 1024 2486 sequentes
1070 2430 1218 2467 sunt:

149 2511 195 2551 οι,
234 2498 555 2559 ἰοηξιζβοίἰας
610 2499 748 2548 caule
798 2501 1088 2550 tenuissime
1151 2499 1482 2566 pubescente.

84 2558 234 2612 Foliis
270 2562 499 2630 oblongis
527 2567 600 2615 vel
636 2569 1042 2633 ovato-oblongis
1065 2606 1078 2629 ‚
1116 2568 1190 2618 vel
1226 2569 1483 2636 elongato-
