1685 2901
163 141 226 188 62
708 143 1015 194 Hssxmmua.

162 268 268 332 ipse
298 284 574 333 nunquam,
610 280 666 316 ut
692 269 741 316 in
777 272 836 321 A.
864 274 1254 334 ampelopraso,
1281 270 1556 336 sphaericus

162 345 430 400 appareat,
495 334 581 383 sed
645 336 962 387 claviformis.
1007 369 1072 376 —
1141 340 1383 387 Ceterum
1427 342 1557 388 inter

160 416 428 469 utramque
453 404 659 469 stirpem
687 406 878 453 nullum
902 407 1048 454 alium
1098 407 1436 455 characterem
1480 425 1555 456 es-

159 471 418 519 sentialem
458 470 696 536 detegere
723 475 932 538 contigit
955 494 966 534 3
1005 476 1263 540 ipsamque
1289 476 1556 540 capsulam,

160 539 358 605 qualem
396 538 635 589 describit
678 542 936 604 Hallerus,
989 544 1137 590 etiam
1185 545 1232 590 in
1276 545 1335 591 A.
1385 546 1556 590 Porro

157 609 424 672 repetitam
451 607 837 658 observavimus.
877 612 970 671 Ita,
1002 623 1059 658 ut
1086 611 1191 658 fere
1214 610 1559 669 crederemus,

156 679 217 723 A.
244 677 687 739 Ampeloprasc'cm
725 679 919 726 cultura
946 680 1128 744 saepius
1160 680 1444 744 saepiusque
1479 696 1557 725 re-

158 745 311 808 petita
352 745 400 791 in
441 746 499 795 A.
533 748 764 794 Porrum
801 745 1004 795 tandem
1043 746 1476 812 degenerasse‚—
1514 749 1555 794 A

159 813 488 860 Schleichero
526 812 627 860 duo
664 814 776 861 Allii
819 815 1092 880 ampelopr.
1150 816 1420 880 specimina
1461 816 1558 861 sic-

158 892 265 927 cata
298 879 626 942 obtinuimus,
664 899 883 947 quorum
910 883 1112 931 alterius
1138 882 1322 931 bulbus
1345 882 1557 930 formam

158 947 416 1009 exhibuit,
469 949 667 1013 qualem
702 962 1034 1014 repraesentat
1083 953 1331 999 Giunmus
1384 951 1431 997 in
1478 950 1552 997 Fl.

157 1015 281 1067 helv.
319 1017 426 1064 Vol.
466 1018 530 1063 11.
571 1020 660 1066 XI.
704 1018 733 1065 f.
772 1018 843 1079 b.,
889 1018 920 1064 i.
965 1036 990 1065 e
1056 1017 1263 1065 bulbillo
1297 1019 1445 1065 unius
1485 1018 1555 1064 la-

157 1084 278 1131 teris
320 1083 601 1137 deficiente.
643 1117 708 1126 -
743 1087 806 1133 A·
843 1087 1316 1149 Ampeloprasam‚
1363 1097 1552 1132 statura

156 1151 316 1199 multo
373 1153 582 1214 minori,
633 1154 710 1200 vix
767 1152 964 1217 pedali,
1030 1153 1247 1200 umbella
1292 1153 1550 1218 bulboque

155 1218 400 1283 sphaerico
463 1220 574 1283 plus
635 1220 783 1284 triplo
852 1221 1033 1266 minori
1089 1221 1362 1285 praeditum
1421 1222 1553 1267 inter

154 1287 344 1351 plantas
390 1285 674 1334 dalmaticas
738 1304 763 1333 a
805 1286 880 1336 Cl.
921 1288 1065 1350 Noss,
1125 1306 1218 1353 pro
1264 1289 1321 1335 A.
1379 1290 1551 1335 Porro

154 1355 389 1415 missum,
439 1354 697 1402 habemus.
743 1386 811 1393 —
855 1356 914 1402 Ε.
958 1357 1204 1404 TquAsu
1247 1355 1462 1416 Allium,
1503 1358 1550 1401 in

153 1422 304 1470 horto
330 1439 420 1470 suo
455 1422 664 1483 cultum,
690 1422 872 1487 plantae
904 1436 1193 1487 spontaneae
1230 1422 1425 1472 sardoae
1452 1424 1552 1471 ori—

156 1491 322 1555 ginem
353 1489 525 1555 debet,
565 1491 641 1538 vix
667 1488 855 1557 pedem
885 1491 1015 1543 altae.

228 1581 275 1615 ln
306 1580 428 1614 Flora
452 1580 675 1615 basileensi
699 1589 812 1614 nunc
841 1583 946 1614 certe
977 1579 1193 1623 disparuit.

219 1673 377 1735 (Pag.
407 1671 541 1731 301.)
575 1673 809 1718 Porrum
834 1672 891 1717 L.

218 1753 383 1802 Defin.
441 1750 603 1799 adde:
658 1749 860 1812 „bulbo
905 1750 1126 1809 clavato,
1171 1749 1304 1796 intus
1364 1748 1546 1796 subva-

154 1839 265 1870 cu0.
322 1819 438 1880 (Cf.
477 1818 676 1866 observ,
706 1815 934 1864 anteced.
962 1816 1002 1876 ).
1027 1818 1050 1842 “

228 1912 320 1944 Loc.
353 1920 396 1943 n.
438 1909 564 1943 addc:
614 1908 659 1941 ln
707 1910 820 1951 parte
874 1904 1066 1940 infcriori
1112 1904 1247 1937 Rheni
1298 1904 1397 1949 ripae
1433 1907 1546 1949 Juxta

154 1976 264 2010 viam
291 1973 501 2020 publicam
538 1982 558 2007 c
588 1971 756 2016 regione
790 1970 926 2004 Birsae.

221 2074 388 2139 (Pag.
419 2072 566 2137 302.)
606 2069 665 2135 3)
703 2072 990 2118 rotundam
1021 2071 1078 2121 L,

227 2166 321 2200 Loc.
344 2168 429 2198 nat.
447 2161 592 2197 addas:
622 2160 684 2195 Ad
707 2170 892 2205 aggerem
916 2160 1107 2195 Rhenum
1132 2163 1380 2205 spectantem
1408 2164 1545 2193 versus

154 2223 403 2266 Grenzac'h.
425 2247 476 2254 -—-
501 2227 632 2271 Supra
659 2225 752 2259 dem
777 2225 1068 2260 Isteinerklotz
1094 2227 1192 2260 Rev.
1218 2225 1340 2258 Lixo.

245 2302 320 2362 (A
357 2300 587 2349 HALLEno
630 2296 816 2344 frustra
856 2297 1058 2344 Basileae
1103 2296 1395 2362 quaesitum3
1450 2313 1542 2345 nec

157 2368 494 2417 LACHENAmth
543 2364 699 2423 vidit,
736 2364 849 2412 licet
885 2366 1135 2415 GMEmNus
1159 2364 1378 2429 plantam
1414 2365 1540 2412 circa

162 2436 305 2485 Weil
346 2437 393 2484 in
434 2435 585 2484 vineis
624 2444 933 2481 crescentem
971 2432 1176 2480 indicet.
1229 2431 1393 2479 Facile
1427 2448 1542 2479 cum

156 2506 200 2552 A
242 2505 662 2566 sphaeroceplzalo
692 2502 747 2547 L.
769 2500 1114 2549 confunditur.
1144 2499 1425 2548 Discrimen
1453 2516 1540 2546 au-

158 2585 259 2621 tem
310 2570 446 2620 istud
490 2572 622 2620 inter
666 2569 722 2621 A.
748 2572 1230 2632 sphoeroceplzalum
1267 2580 1316 2616 et
1353 2570 1409 2615 A.
1452 2584 1540 2613 ro-
