1685 2901
179 166 204 211 3
213 165 241 211 8
702 163 1026 214 PENTANmuA
1036 204 1046 215 .

177 285 482 350 transfer-35,
538 287 681 354 cujus
719 288 888 354 planta
941 301 1113 339 nostra
1160 290 1355 340 nonnisi
1411 289 1573 339 forma

178 369 269 406 est.
309 386 376 395 -—-
407 357 465 406 V.
491 367 800 406 montanam
841 360 988 407 Sena.
1049 359 1200 424 stirps
1252 370 1328 408 est
1366 358 1571 409 Valesiae

178 423 427 489 indigena.

244 513 400 576 (Pag.
442 513 580 575 203.)
620 513 677 579 5)
716 513 805 579 (4)
842 518 1119 581 Lychnitis
1162 516 1218 562 L.

243 599 285 647 Β.
332 601 481 650 Flore
525 601 679 650 luteo.
727 606 787 660 V,
831 603 1088 667 Lychnitis
1126 628 1169 654 οι.
1206 600 1372 652 Gaud.
1424 601 1568 664 (excl.

176 683 283 730 syn.
329 670 404 718 Fl.
441 668 595 733 bas)

253 764 346 800 Loc.
370 776 412 799 ιι.
449 761 493 809 β
529 766 666 801 Minus
706 764 921 811 frequens,
959 777 1081 811 quam
1119 778 1161 805 οι.
1187 766 1301 800 Circa
1333 764 1570 810 Huningain

177 827 213 857 et
248 825 303 858 St.
334 824 477 863 Louis.
519 825 629 860 Inter
657 829 793 869 portas
826 826 1014 871 Sissaleam
1049 829 1087 861 et
1117 825 1380 860 Johanneam
1407 824 1568 860 etinter

175 884 358 927 priorem
400 887 437 917 et
461 887 621 928 portam
647 884 868 929 lapideam.
903 885 1034 928 Prope
1068 886 1192 919 Kems
1224 887 1263 919 et
1292 883 1436 917 Istein.

243 958 304 1004 A.
341 957 401 1006 V.
429 959 662 1016 floccoso
689 958 767 1008 W.
791 958 849 1005 K.
895 955 1222 1020 distinguitur
1255 955 1304 1002 in
1330 965 1462 1003 statu
1489 970 1574 1001 ex-

177 1025 379 1086 siccato,
403 1024 451 1071 in
480 1041 580 1090 quo
600 1024 749 1071 flores
776 1023 1055 1071 rubescunt
1087 1024 1218 1070 sicut
1240 1023 1290 1069 in
1318 1040 1417 1073 var.
1444 1042 1489 1069 οι.
1513 1052 1573 1061 -

243 1131 411 1195 (Pag.
449 1131 593 1195 203.)
647 1134 901 1182 VEnssAsco
962 1134 1329 1196 pulverulento
1390 1132 1571 1179 Cmvris

176 1199 541 1248 substituatur:

242 1288 302 1350 6)
328 1292 620 1347 flocco-sum
645 1289 725 1339 W.
756 1299 806 1335 et
831 1289 975 1345 K1T.,·
1013 1285 1150 1333 caule
1197 1285 1454 1350 anguloso,
1494 1285 1573 1332 fo-

175 1357 250 1403 liis
292 1355 545 1404 subtiliter
588 1356 837 1416 arenam,
877 1353 1064 1414 (dorso
1101 1349 1407 1418 praesertim)
1450 1351 1572 1400 ssoe-

178 1441 295 1472 coso
311 1453 336 1460 -
358 1425 652 1472 tomentosis
670 1458 683 1485 ,
727 1422 1050 1471 inferioribus
1072 1421 1328 1487 oblongo·
1346 1421 1574 1485 ellipticis

176 1494 225 1539 in
271 1492 519 1556 petiolum
587 1492 890 1552 attenuatis,
950 1491 1156 1555 reliquis
1218 1487 1570 1538 subsessilibus

176 1559 396 1607 ovalibus
433 1560 617 1619 acutiS,
655 1558 1002 1624 superioribus
1045 1558 1141 1605 late
1186 1558 1341 1605 ovatis
1383 1557 1570 1604 acumi-

174 1629 301 1675 natis
360 1626 958 1692 semiamplexicaulibuS,
1014 1627 1223 1673 racemis
1273 1624 1569 1690 paniculatis

176 1694 467 1742 densissime
510 1697 695 1742 niveo-
716 1695 1013 1742 tomentosis
1041 1730 1051 1740 .
1083 1730 1094 1740 .
1118 1726 1131 1739 .
1168 1696 1227 1745 V.
1251 1692 1572 1757 pulverulen-

177 1774 284 1809 tum
321 1762 396 1809 Fl.
441 1762 547 1813 bas.
587 1793 651 1800 —
690 1764 770 1810 W.
811 1762 908 1808 Kit.
952 1772 986 1808 t.
1032 1762 1112 1808 71.

241 1836 286 1883 β.
325 1831 649 1893 calvescensz,
689 1828 828 1875 caule
881 1828 1034 1890 magis
1075 1824 1248 1885 tereti,
1290 1823 1416 1871 foliis
1451 1841 1571 1872 cau-

176 1896 284 1943 linis
335 1894 442 1943 basi
483 1893 800 1943 subcordatis
858 1895 1046 1955 ovans,
1099 1903 1324 1940 tomento
1382 1891 1570 1939 laeviori

176 1962 429 2024 obductis,
466 1964 648 2011 florum
682 1962 968 2027 glomerulis
1003 1961 1157 2024 magis
1195 1958 1424 2007 discretis
1455 1959 1570 2024 pul-

176 2031 477 2094 verulentis,
513 2048 647 2093 non,
685 2032 812 2078 utin
852 2055 929 2092 ομ,
967 2040 1191 2076 tomento
1230 2028 1373 2074 niveo
1409 2025 1566 2075 denso

176 2099 283 2146 fere
330 2098 591 2147 immersis.
643 2099 701 2149 V.
755 2097 1164 2162 pulverulentum
1209 2093 1256 2142 β.
1293 2093 1566 2156 hybridam

176 2165 341 2216 Gaud.
384 2169 444 2220 V,
488 2165 898 2232 pulverulentum
949 2164 1095 2215 Vill.?
1181 2163 1239 2211 V-
1302 2160 1567 2211 cordatum

172 2236 355 2298 Heget.
379 2233 397 2276 ?

239 2303 300 2349 In
340 2312 556 2366 utraque
623 2299 783 2346 forma
843 2297 991 2346 flore-s
1048 2294 1281 2345 siccando
1344 2296 1566 2344 colorem

175 2386 322 2418 suum
368 2370 591 2417 nativum
621 2368 864 2414 intactum
904 2377 1120 2414 servant.
1161 2396 1229 2404 —-
1276 2363 1395 2411 Cor.
1434 2364 1484 2411 in
1514 2384 1561 2414 α.

176 2449 227 2484 et
266 2440 311 2487 β.
357 2436 625 2485 mediocris
668 2445 771 2497 est,
809 2434 953 2496 flava,
994 2432 1134 2481 valde
1183 2430 1403 2494 caduca,
1461 2429 1564 2478 fila-

175 2505 355 2553 mentis
387 2503 739 2553 albo-lanatiS.
770 2533 823 2540 —
868 2501 925 2548 In
958 2518 988 2544 οι
1023 2500 1137 2548 folia
1173 2499 1363 2547 caulina
1413 2514 1564 2563 supe-

176 2571 308 2621 riora
364 2570 498 2622 haud
545 2587 660 2620 raro
699 2569 749 2617 in
796 2566 1057 2635 cuspidem
1106 2566 1467 2616 acuminantur.
1502 2591 1566 2606 --
