1685 2901
583 154 961 199 ERRATA.
1395 145 1479 188 535

66 273 259 321 Pag.245.
288 275 360 311 lin.
383 274 425 312 10
444 299 454 316 ,
483 271 570 309 voci
599 293 620 314 ‚‚
637 265 911 314 angustif01.”
938 266 1038 302 adde
1059 268 1158 310 Jacq,

108 355 153 362 —-
177 333 260 370 270.
286 334 358 370 lin.
380 332 552 374 ultima,
582 340 652 375 pro
676 328 908 373 Ligustrum
933 325 1044 370 lege:
1070 320 1336 368 Ligusticum.

109 413 156 421 —
179 392 260 430 275.

108 472 154 482 -—-
177 451 262 490 285.

109 533 156 541 ·—
178 513 259 549 310,

290 393 364 428 lin.
394 391 461 434 16,
489 401 561 436 pro
585 385 891 434 augustioribus
918 385 943 420 l.
972 379 1292 428 angustioribus.

292 452 366 488 lin.
392 449 437 486 15
454 478 465 492 ‚
491 459 564 496 pro
590 444 795 492 Luserpit.
822 445 848 479 1.
872 441 1070 488 Laserpi-t.

292 512 362 547 lin.
391 511 461 553 10,
491 520 563 554 pro
587 505 817 552 composito
849 504 876 538 1.
901 500 1142 546 composita.

111 591 155 600 -·
179 570 260 608 311.
288 571 360 606 lin.
386 569 433 613 9,
460 579 533 613 pro
563 567 693 612 sylvat
721 566 747 600 l.
771 564 943 599 luteum.

109 651 156 662 ..-
178 628 262 670 316.

109 708 155 716 --
180 689 260 725 318.

290 629 358 664 lin.
379 627 400 662 3
427 638 547 673 supra
573 624 720 666 finem,
751 632 823 668 pto
848 617 1111 658 tenui-folium
1140 617 1166 652 1.
1198 612 1450 652 tenuifolius.

291 688 363 723 lin.
387 687 435 729 9,
463 696 536 732 pro
565 686 716 722 Plauen
741 683 770 721 l.
795 681 963 718 Blauen.

109 767 155 775 2-
177 747 259 784 321.
288 747 361 782 lin.
386 746 455 788 11,
487 756 559 790 pro
586 740 874 779 ensiforrnibus
898 738 926 774 1.
947 734 1241 774 uniformibus.

108 826 155 834 -
178 806 259 844 340.

108 885 155 892 -
178 863 252 901 343

108 943 155 952 -
178 922 264 962 344.

108 1002 153 1011 —-
178 980 250 1020 345

108 1060 155 1067 -
177 1037 265 1079 347.

108 1119 154 1127 -·
178 1095 264 1137 352.

107 1178 155 1187 -
177 1157 261 1194 371.

290 805 361 840 lin.
386 805 431 844 5,
461 813 535 848 pro
556 803 663 839 valle
691 802 718 836 1.
740 800 863 836 vasso.

294 863 366 899 lin.
390 863 456 905 12,
486 873 560 908 pro
587 859 842 898 auriantiaco
870 858 895 893 l.
921 855 1174 893 aurantiaco,

292 922 364 958 lin.
384 921 408 956 3
428 932 450 957 a
472 920 577 962 fine,
608 931 681 966 pro
709 919 845 956 solent
870 918 897 953 1.
920 917 1096 953 soleant.

291 980 364 1019 lin.
387 977 410 1015 5
427 1007 438 1022 ‚
468 990 542 1025 pro
566 979 696 1016 sativa
723 979 751 1015 1.
769 977 942 1014 sativus.

290 1039 363 1075 lin.
386 1038 456 1083 13,
487 1049 558 1084 pro
582 1038 735 1074 Plauen
767 1037 793 1073 1.
814 1036 986 1072 Blauen.

293 1097 367 1133 lin.
387 1097 534 1134 ultima
552 1124 562 1139 ‚
589 1107 662 1141 pro
683 1095 756 1131 Dei
789 1095 816 1130 l.
843 1095 938 1130 Dec.

292 1157 366 1192 lin.
388 1156 407 1192 6
423 1183 432 1194 ,
461 1166 534 1202 pro
559 1155 682 1191 domu
710 1155 735 1191 1.
757 1155 895 1190 domo.

107 1235 154 1244 -—
178 1215 263 1253 372.
285 1216 359 1251 lin.
382 1215 450 1257 11,
477 1225 550 1260 pro
574 1216 772 1252 Persia-aria
798 1214 825 1248 l,
854 1212 1084 1248 Persicariae.

109 1294 155 1301 —
177 1273 262 1310 334.

112 1352 157 1361 ....
181 1332 267 1370 408.

108 1411 157 1420 ·--
179 1390 264 1429 411.

110 1471 157 1479 -
179 1448 265 1487 412.

109 1528 154 1536 --
176 1506 264 1544 416.

108 1586 156 1597 ·-
180 1565 271 1604 422.

110 1704 158 1713 -
180 1683 269 1724 424-

110 1762 156 1771 -
177 1743 261 1782 426.

109 1822 156 1831 -
178 1801 269 1841 436.

110 1882 155 1890 -
177 1859 267 1897 439.

111 1939 158 1948 --
182 1919 272 1958 440.

292 1274 365 1309 lin.
386 1273 613 1318 penultima
629 1297 639 1314 ,
668 1282 740 1316 pro
761 1269 945 1316 augustis
972 1269 1000 1304 l.
1018 1266 1214 1312 angustis.

299 1332 370 1367 lin.
391 1330 435 1368 17
451 1359 462 1375 ,
494 1341 568 1375 pro
591 1329 807 1367 confusam
831 1330 857 1366 1.
878 1326 1079 1365 confusa.³

296 1390 367 1428 lin.
390 1391 412 1426 3
433 1401 456 1426 a
475 1388 554 1424 fine
570 1412 582 1429 ‚
612 1399 684 1434 pro
703 1386 964 1424 confundisse
992 1384 1017 1421 1.
1040 1382 1289 1420 confudisse.

296 1450 368 1485 1in.
390 1460 412 1484 a
433 1447 513 1484 fine
529 1475 538 1490 ‚
573 1457 645 1492 pro
668 1445 842 1483 moeniis
869 1445 896 1481 1.
916 1443 1141 1481 moenibus,

295 1507 367 1545 lin,
390 1505 439 1550 7,
470 1518 542 1551 pro
561 1507 668 1542 valle
697 1507 723 1541 1.
750 1506 876 1542 vallo.

300 1566 407 1603 inter
425 1563 578 1601 lineam
598 1565 641 1602 15
660 1572 698 1602 et
718 1563 760 1600 16
784 1563 1046 1601 intercaletur
1068 1560 1240 1597 titulus:
1268 1559 1290 1582 ‘⁸¹
1310 1553 1488 1600 capsulis

472 1625 676 1669 oblongis.

297 1684 369 1722 lin.
390 1682 438 1726 7,
468 1694 540 1728 pro
561 1682 669 1718 arvis
697 1683 812 1728 lege:
842 1680 960 1716 areis.

292 1743 366 1779 lin.
391 1741 437 1781 6,
466 1753 537 1788 pro
561 1753 729 1778 erroneo
752 1743 780 1778 1.
802 1751 955 1777 errore.

294 1801 368 1837 lin.
390 1801 457 1845 10,
487 1812 560 1846 pro
580 1803 740 1839 tuberes
765 1803 790 1836 1.
811 1800 969 1837 tubera.

298 1861 370 1896 lin.
395 1859 437 1895 12
455 1881 466 1898 ‚
493 1871 564 1905 pro
585 1860 800 1896 laevissime
833 1859 859 1895 1.
883 1856 1109 1894 levissime.

301 1920 371 1956 lin.
397 1918 554 1957 171000
586 1921 705 1944 ****
731 1918 814 1955 sint
841 1920 944 1952 ***.

114 1996 161 2008 -·
180 1979 267 2018 444.
293 1979 366 2016 lin.
394 1978 439 2022 3,
471 1989 543 2023 pro
564 1977 776 2022 nuperime
803 1977 915 2021 'eget
946 1971 1193 2018 nuperrime.

117 2053 164 2064 ·-
202 2058 247 2065 -
285 2039 355 2073 lin.
377 2037 443 2074 Ta
462 2035 540 2072 flue
559 2057 569 2074 ‚
597 2047 669 2081 pro
692 2033 858 2080 peltatis
885 2035 913 2069 l.
938 2032 1098 2078 petalis.

645 2215 790 2261 Tom.
831 2214 909 2262 11.

77 2336 167 2377 Pag.
204 2333 238 2368 5.
269 2334 306 2368 in
334 2336 454 2372 titulo
482 2337 690 2383 supprime
711 2336 876 2373 verbum
901 2335 1020 2370 Mona.

117 2414 165 2423 --
214 2396 268 2430 12.

117 2532 163 2540 -·
209 2512 264 2548 21.

120 2572 253 2608 -22

300 2394 406 2429 linea
425 2397 649 2439 penultima
669 2395 747 2432 del.
769 2405 928 2430 comma
961 2400 1052 2437 post
1078 2393 1244 2426 verbum
1266 2411 1287 2432 n
1302 2386 1483 2433 5³¹¹P²¹1”

479 2463 517 2490 et
543 2466 644 2499 pone
665 2462 757 2500 post
777 2455 943 2490 verbum
966 2474 985 2494 η
1003 2449 1180 2487 serratis.
1196 2451 1218 2466 ”

298 2512 369 2548 lin.
394 2511 468 2553 11,
499 2512 708 2550 deleatur:
739 2524 829 2549 cum
855 2510 931 2560 Ἱβ.

259 2599 266 2607 .
295 2573 366 2607 lin.
387 2572 433 2608 7.
461 2582 532 2616 pro
554 2572 820 2619 polymorpha
840 2572 954 2617 lege:
987 2567 1293 2614 polymorphns,
