1685 2901
625 170 915 220 vacizxesu.
1391 169 1475 219 161

161 302 254 338 Loe.
275 311 317 336 n.
337 314 383 342 a.
404 299 535 345 Prope
553 299 696 336 Istcin.
724 306 772 340 γ.
789 295 837 332 In
852 295 1172 343 propugnaculo
1190 294 1305 331 urbis
1322 295 1485 331 eierato

83 370 192 403 retro
218 369 383 413 portam
416 363 642 411 lapideam.

151 472 316 537 (Pag.
351 471 499 534 262.)
540 472 591 534 5)
626 471 935 535 praealtum
979 467 1193 518 Goscuu.
1244 467 1334 529 (H.
1364 467 1486 515 θοι·-ν

86 544 313 591 entinum
342 542 422 591 W.
464 541 588 603 (non
612 538 738 604 All.)
775 538 836 586 H.
867 534 1158 600 ambiguum
1183 554 1230 583 α,
1260 536 1484 603 Spenn.)

150 624 220 672 Ic.
261 620 391 671 adde
418 641 429 669 ε
462 621 678 670 Labram
718 618 837 668 fasc.
867 618 980 671 129.

150 709 195 753 Β.
235 705 623 753 intermedium.
658 704 722 751 H.
749 701 1026 750 obscurum
1057 699 1219 748 Rchb.

216 783 299 836 ΕΒ,
322 787 615 848 foliosum3
653 782 792 832 caule
830 780 1152 849 pleiophyllo.

151 886 194 918 γ’
223 867 631 929 stoloanferum3
667 866 728 913 H.
753 862 991 913 Auricula
1009 862 1193 914 Thom.
1222 875 1260 916 t.
1279 865 1487 929 specim-

85 937 146 986 H.
193 934 401 983 Bauhini
443 933 634 982 Schult.

151 1016 314 1065 Etiam
351 1014 458 1063 haec
496 1015 653 1064 variat
687 1013 815 1063 foliis
851 1012 927 1062 vel
976 1011 1370 1078 angustioribus,
1414 1013 1486 1060 vei

84 1083 345 1133 latioribus
380 1083 624 1150 cauleque
665 1084 772 1131 1-
796 1081 898 1130 sive
942 1080 1216 1147 plurifolio.

160 1167 254 1203 Loc.
284 1170 370 1203 nat.
397 1165 526 1201 adde:
571 1166 704 1211 Prope
729 1164 989 1211 nuningam.
1028 1164 1114 1201 Am
1144 1163 1489 1210 Haltinyerram.

84 1233 130 1267 In
151 1232 330 1268 collibus
357 1230 553 1266 calcareis
569 1239 702 1276 prope
718 1229 959 1268 Mazllheim,
986 1227 1260 1275 Hiiyellzeim.
1291 1227 1493 1273 Ληρρεπ,

82 1298 361 1344 Buyqinyen.
390 1296 433 1345 β.
466 1299 506 1332 et
536 1295 609 1344 ββ.
661 1294 707 1329 in
742 1293 875 1330 muris
901 1291 1087 1339 antiquis
1115 1303 1154 1326 v.
1185 1301 1245 1338 gr.
1285 1291 1408 1328 vallis
1437 1292 1489 1326 Ι).

86 1360 265 1401 Albani;
295 1370 427 1407 prope
455 1360 527 1396 der
549 1357 740 1407 Klybeok
764 1369 860 1395 cum
887 1363 934 1398 γ.

157 1430 310 1498 Quod
329 1435 400 1482 H.
425 1432 786 1495 piloselloides
805 1432 947 1486 Vim..
983 1428 1167 1492 (Rchb.
1196 1431 1253 1478 ic.
1279 1431 1316 1477 Ι.
1347 1429 1380 1478 s.
1411 1433 1488 1480 80.

90 1504 196 1563 81.)
228 1518 404 1550 verum
442 1502 572 1548 circa
609 1500 849 1549 Basileam
867 1497 1220 1560 desideretur,
1252 1498 1354 1563 jam
1381 1498 1489 1546 loco

88 1587 180 1619 suo
206 1571 256 1618 in
279 1570 430 1620 Flora
452 1569 814 1618 annotavimus.
846 1594 898 1603 —
928 1567 1159 1616 Hallerus
1187 1564 1323 1632 apud
1352 1583 1472 1615 num

90 1638 168 1690 54,
212 1639 240 1685 i.
273 1656 318 1685 e.
358 1641 428 1686 H.
454 1638 834 1701 piloselloc'des,
866 1634 1147 1683 Lachenalii
1192 1636 1491 1683 auctoritate

90 1707 272 1764 fretus,
310 1704 491 1753 urbem
517 1715 743 1752 nostram
779 1705 917 1751 citat.
941 1704 1058 1752 Sine
1086 1701 1242 1751 dubio
1270 1704 1490 1752 LAcuEN-

89 1778 158 1826 H.
179 1776 418 1838 praealti
451 1772 665 1820 formam
701 1770 943 1819 humilem
976 1770 1364 1836 angustifoliam‚
1408 1789 1491 1820 co·

90 1843 270 1905 rymbo
312 1841 460 1907 paulo
507 1841 714 1902 laxiore,
759 1839 919 1904 qualis
961 1838 1024 1887 ad
1075 1837 1309 1887 Rhenum
1363 1840 1491 1887 circa

89 1911 377 1973 Huningam
408 1909 662 1969 occurrit,
699 1924 792 1973 pro
831 1907 911 1955 illo
947 1908 1176 1972 sumpsit.
1203 1937 1268 1944 —-
1309 1907 1491 1955 Coiore

92 1979 439 2043 glaucescente
457 2012 470 2038 ‚
509 1975 750 2039 corymbo
782 1977 936 2041 magis
964 1974 1234 2024 divaricato
1259 1985 1311 2024 et
1335 1975 1494 2023 stolo-

91 2064 213 2096 num
272 2044 477 2094 defectu
531 2048 598 2096 H.
644 2046 1005 2108 piloselloides
1054 2061 1080 2092 a
1118 2043 1278 2092 nostri
1318 2041 1491 2094 formis

91 2113 304 2164 recedit.

161 2235 331 2298 (Pag.
360 2233 508 2299 263.)
543 2237 792 2298 glaucum
823 2235 944 2285 Am..

158 2314 205 2362 Β.
246 2316 611 2378 bupleuroides
648 2317 746 2369 Gn.
782 2316 919 2372 (non
943 2313 1211 2377 Bellardi).

169 2404 264 2439 Loc.
292 2414 336 2440 n.
364 2404 494 2442 adde:
539 2403 603 2441 Ad
634 2415 759 2453 rupes
783 2415 914 2453 prope
942 2404 1161 2442 Ballstall.

161 2475 305 2540 (Var.
347 2475 395 2525 Β.
440 2493 576 2525 mera
619 2489 696 2527 est
722 2476 882 2527 forma
909 2474 1165 2543 longifolia
1200 2477 1271 2526 H.
1295 2479 1489 2541 glauci,

94 2547 144 2593 in
203 2545 345 2611 cujus
402 2546 657 2595 consortio
711 2546 960 2607 occurrit,
1028 2545 1295 2595 transitum
1350 2549 1490 2612 quasi

103 2616 282 2663 ineuns
308 2631 332 2662 a
356 2617 424 2666 H.
451 2618 638 2678 glauco
658 2615 875 2681 genuino
904 2613 966 2664 ad
993 2618 1060 2665 H.
1088 2616 1319 2665 saxatile
1345 2616 1488 2670 JACQ.a
