1685 2901
168 220 225 256 vl

235 328 430 389 Doleo,
469 327 631 374 Florae
657 325 955 390 germanicae
990 326 1190 388 egregie
1226 343 1250 372 a
1282 325 1386 372 Cel.
1427 327 1569 374 Kocn

169 415 468 480 conscriptae
505 417 723 462 Tomuin
758 425 996 478 quartum
1032 413 1078 459 in
1108 413 1270 460 lucem
1289 413 1567 478 prodiisse,

167 515 497 568 posteaquam
521 503 733 561 0135565,
771 501 832 549 de
874 500 1056 567 quibus
1096 512 1295 563 tractat,
1328 502 1431 566 jam
1451 518 1570 566 pre-

166 591 268 639 lum
313 591 640 656 reliquerant.
705 591 874 639 Varias
937 602 1100 638 tamen
1146 589 1250 639 Viri
1290 589 1574 637 eruditissi-

164 680 231 725 mi
277 679 684 740 observationes,
742 690 987 743 quantum
1042 694 1134 741 pro
1186 694 1240 723 re
1292 677 1459 739 licuit,
1521 679 1571 724 in

165 767 441 832 appendice
467 766 714 814 adnotavi.
755 769 810 813 In
839 765 1108 830 allegandis
1143 764 1369 812 iconibus
1399 782 1573 812 earum

165 872 370 919 quoque
425 856 671 902 rationem
720 853 908 914 habui,
965 869 1088 917 quas
1141 870 1165 898 a
1213 853 1315 900 Cel.
1365 854 1568 900 Haem-

163 959 444 990 scuWElLEn
481 943 747 1006 explicatas
786 941 1116 1004 peritissimus
1165 941 1327 1003 pictor
1362 942 1568 987 LABRAM

163 1028 225 1077 de
254 1031 413 1077 nostri
445 1031 700 1094 praecipue
736 1029 838 1090 agri
874 1028 1052 1092 plantis
1076 1044 1238 1091 nuper
1267 1027 1441 1074 edidit.
1463 1030 1568 1075 Vo-

160 1117 359 1164 luminis
394 1118 540 1181 primi
590 1117 662 1163 vel
698 1115 877 1162 omissa
929 1116 1001 1162 vel
1040 1113 1306 1175 addenda,
1365 1114 1437 1161 vel
1476 1113 1568 1160 de-

160 1205 314 1269 nique
358 1205 597 1269 temporis
633 1220 906 1270 progressu
948 1202 1261 1250 emendanda
1299 1201 1566 1267 appendici

161 1290 421 1351 mandavi,
471 1290 633 1339 donec
676 1292 872 1338 favente
911 1292 1114 1338 numine
1156 1291 1566 1354 supplementum

162 1378 418 1426 elaborare
445 1379 564 1426 mihi
596 1379 768 1426 datum
797 1380 906 1425 erit.
948 1379 1146 1426 Novum
1183 1376 1401 1442 denique
1440 1393 1566 1423 eun-

161 1464 379 1530 demque
403 1466 557 1529 magis
594 1478 879 1512 correctum
919 1463 1135 1511 indicem
1162 1476 1445 1511 erratorum
1476 1481 1567 1527 pa-

159 1553 283 1600 riter
309 1570 362 1599 ac
390 1569 632 1616 generum
659 1553 942 1616 plantarum
969 1553 1015 1597 in
1037 1553 1200 1616 primo
1235 1563 1370 1598 tomo
1397 1550 1568 1598 obvio-

158 1657 273 1687 rum
307 1638 644 1701 redigendum
672 1639 855 1684 curavi.
884 1669 950 1676 --
976 1637 1129 1699 Quod
1167 1638 1206 1683 si
1235 1639 1337 1702 typi
1378 1653 1512 1684 nunc
1538 1655 1565 1684 a

157 1725 413 1790 prioribus
428 1725 575 1790 paulo
595 1723 864 1772 discedunt
887 1725 1144 1789 magisque
1169 1723 1569 1786 condensantur,

160 1812 274 1861 ideo
305 1813 491 1860 sactum
521 1824 630 1873 est,
669 1830 729 1859 ne
768 1812 860 1858 hoe
900 1812 1112 1858 alterum
1152 1811 1383 1858 volumen
1420 1813 1569 1858 nimis-

159 1903 551 1962 intumesceret,
593 1912 677 1948 aut
714 1898 835 1948 duas
884 1901 933 1946 in
986 1911 1151 1963 partes
1197 1897 1535 1947 divelleretur.

225 2077 358 2122 Loca
390 2075 567 2122 natalia
606 2074 918 2122 enumeranti
958 2084 1145 2119 'nomen
1191 2073 1295 2121 Viri
1351 2073 1414 2137 pl.
1456 2089 1561 2127 rev,

158 2164 400 2224 MiiLLmz,
448 2162 655 2227 parochi
695 2161 1018 2210 Mettavensis
1061 2158 1212 2224 (olim
1252 2159 1563 2224 Olsbergen-

160 2248 265 2310 sis)
304 2251 601 2313 amicissimi,
641 2255 690 2298 in
711 2250 881 2315 primo
913 2261 1053 2296 tomo
1086 2265 1145 2294 ex
1170 2249 1376 2312 proprio
1410 2248 1567 2312 ipsius-

160 2348 287 2383 nutu
327 2354 684 2401 suppressum,
735 2354 906 2398 nunc,
953 2336 1037 2383 ubi
1080 2336 1128 2382 in
1163 2352 1316 2400 opere
1358 2333 1566 2397 egregio

163 2423 234 2472 Cl.
294 2425 491 2473 GAunm
548 2428 728 2491 saepius
777 2442 970 2474 summo
1009 2423 1124 2489 jure
1186 2421 1442 2470 laudatum
1487 2419 1565 2466 in-

161 2512 417 2575 venerim,
452 2529 544 2560 nec
591 2513 746 2577 mihi,
784 2530 885 2580 quo
927 2510 1076 2576 magis
1114 2526 1192 2556 me
1230 2508 1321 2573 ipsi
1359 2505 1563 2555 devinc-
