1685 2901
199 152 280 199 23!oe
754 158 1044 200 Moxoscm

263 270 432 317 Arbor
472 282 650 316 trunco
695 271 865 315 stricto
910 271 1101 317 excelso
1146 273 1329 318 cortice
1364 271 1582 331 rimoso,

198 340 341 383 ramis
381 337 803 383 adscendentibus
851 338 1165 384 verticillatis.
1205 339 1339 384 Folia
1385 356 1444 383 ex
1483 340 1585 384 sin-

199 405 322 465 gulis
363 405 566 465 geminis
606 404 719 449 bina
757 405 1161 467 sempervirentia
1199 404 1352 467 rigida
1385 405 1583 450 linearia

197 470 521 516 subeoncava.
563 473 770 517 Ainenta
807 486 954 516 masc.
991 471 1260 517 terminalia
1297 470 1584 531 tliyrsoidea

198 550 390 597 erecta,
439 537 656 583 antlieris
696 536 978 599 sulphureis
1019 539 1273 584 turionum
1321 538 1446 584 foliis
1496 554 1582 582 co-

197 616 391 662 ronata;
440 604 570 652 foeni.
613 604 767 650 horna
802 620 949 665 parva
981 604 1171 650 rubella
1203 616 1388 663 erecta,
1424 603 1579 650 altero

196 687 324 716 anno
356 672 691 716 ovato-conica
727 670 931 716 virentia
965 670 1477 730 recurvato-deflexa,
1531 683 1580 717 et

196 749 434 783 autumus)
484 749 672 784 matura
712 735 928 799 pendula
972 738 1324 784 cinerascentia
1369 737 1440 783 vel
1475 736 1581 783 fus-

196 805 474 862 ceseentia,
527 806 741 867 squamis
791 803 988 849 tandem
1037 804 1343 866 subtrigonis
1387 803 1578 849 obtusis

195 871 644 932 coriaeeo-ligneis
676 870 781 916 basi
817 870 1070 926 euneaffis,
1126 872 1262 932 apice
1298 870 1576 916 incrassatis

194 936 901 999 quadratigillo-rhomboideis
921 936 1243 993 unibilicati53
1271 936 1579 1000 subsequen-

190 1006 225 1049 ti
255 1021 367 1049 vere
412 1002 475 1065 (i.
509 1021 551 1048 e.
589 1004 735 1050 tertio
768 1003 930 1062 auno)
971 1004 1155 1049 semina
1181 1003 1492 1065 spargentia,
1530 1007 1573 1050 [3.

190 1069 365 1116 differt
410 1081 586 1115 trunco
631 1070 834 1129 humili,
871 1071 1068 1129 5-10¹‚
1109 1070 1253 1115 ramis
1299 1069 1575 1131 elongatis,

188 1153 318 1200 saepe
350 1138 616 1197 tortuosis,
673 1135 798 1181 soliis
845 1135 1102 1181 latioribus
1146 1135 1454 1197 longioribus
1501 1134 1574 1180 vel

185 1201 500 1250 brevioribus
542 1203 590 1248 in
641 1202 921 1247 summitate
971 1200 1258 1247 densissime
1302 1200 1574 1258 confertis,

188 1269 404 1317 strobilis
442 1268 706 1326 solitariis,
743 1283 839 1314 non
880 1266 1143 1329 pendulis,
1181 1265 1270 1313 secl
1308 1266 1575 1313 lateraliter

126 1338 131 1376 ἶ
186 1335 502 1400 patentibuS,
538 1333 1020 1393 ovato—rotundatis,
1059 1334 1275 1397 squamis
1310 1332 1574 1380 atrofuscis

187 1404 323 1466 apice
376 1401 513 1447 lineis
568 1401 761 1448 duabus
805 1400 914 1463 plus
972 1401 1134 1446 minus
1171 1400 1572 1464 prominentibus

187 1469 457 1515 decussatis
504 1480 553 1514 et
587 1485 678 1531 pro
716 1467 950 1514 umbilico
999 1484 1237 1514 mucrone
1291 1465 1396 1531 (uti
1443 1466 1571 1512 bene

183 1536 410 1583 Hallerus
449 1535 638 1597 habet)
676 1533 905 1594 modico,
957 1534 1030 1579 vel
1070 1533 1431 1592 subuncinato,
1476 1532 1573 1579 dis-

189 1604 371 1650 tinctis.
428 1602 724 1648 Eminentiae
770 1600 994 1647 laterales
1041 1617 1170 1664 saepe
1207 1599 1568 1658 obliterantur,

185 1670 258 1715 vel
296 1667 357 1713 ad
384 1670 628 1730 margines
656 1669 804 1731 apicis
844 1667 891 1712 in
925 1667 1146 1712 collicula
1180 1667 1446 1713 elevantur-
1478 1667 1569 1712 Se-

183 1737 314 1781 mina
364 1729 587 1798 (nuces)
644 1735 713 1780 ala
752 1733 1039 1794 triangulari
1090 1732 1454 1790 terminantur,
1513 1741 1567 1775 ut

183 1803 230 1848 in
270 1822 310 1845 α.

253 1864 398 1932 (Var.
436 1864 561 1910 Hall.
599 1866 780 1910 Enum.
813 1879 861 1926 p.
905 1866 1011 1910 150.
1052 1860 1136 1908 ΝΟ.
1179 1865 1220 1908 1.
1257 1867 1302 1914 β.
1342 1859 1374 1923 †
1400 1862 1566 1906 Pina-

180 1944 290 1980 scer
332 1933 635 1991 tenuesfolius
655 1930 776 1992 julo
816 1938 1250 1991 purpurascente.
1302 1929 1358 1974 C.
1402 1930 1461 1973 B.
1500 1929 1563 1971 P.

183 1998 295 2053 492,
342 2000 451 2045 Cat.
503 1999 611 2043 113.
661 1996 784 2042 male
822 2012 914 2058 pro
962 2012 1074 2041 vera
1116 1995 1350 2039 varietate
1392 1991 1561 2037 vendi-

183 2078 299 2124 tur,
338 2081 448 2110 narn
482 2062 634 2109 Bauh.
676 2079 856 2108 nomen
900 2061 1025 2107 valet
1065 2060 1126 2106 de
1167 2059 1444 2105 arbusculis
1479 2058 1565 2121 ju-

182 2131 405 2180 nioribus
442 2141 633 2175 amenta
685 2131 717 2185 ῼ
759 2129 913 2174 horna
949 2129 1189 2174 rubentia
1235 2124 1561 2188 gerentibus,

183 2216 295 2264 quae
326 2198 397 2244 uti
424 2196 578 2242 Bauh.
611 2196 657 2241 in
695 2196 798 2241 Cat.
830 2195 858 2240 l.
886 2211 928 2239 c.
954 2194 1142 2252 offert,
1182 2191 1375 2252 (hodie
1398 2190 1560 2237 adhuc

176 2267 228 2311 in
256 2265 388 2323 vicis,
416 2262 532 2325 (sed
564 2278 663 2308 non
689 2261 896 2324 amplius
929 2262 974 2306 in
1005 2259 1184 2322 urbe),
1224 2258 1284 2304 ab
1319 2256 1560 2321 oenopolis

180 2343 292 2378 ante
340 2330 472 2377 aedes
514 2339 883 2393 proponuntur.
943 2329 1010 2374 Et
1058 2341 1281 2372 summus
1322 2325 1411 2372 Vir
1454 2325 1559 2386 ipse

178 2398 288 2444 loco
317 2397 395 2444 cit·
431 2395 632 2455 fatetur,
669 2394 792 2440 hanc
821 2393 1157 2440 diversitatem
1190 2390 1347 2454 (julos
1380 2406 1559 2452 nempe

175 2463 502 2528 purpureos)
541 2478 638 2508 non
670 2460 899 2507 sufficere
921 2494 935 2520 ‚
972 2471 1030 2505 ut
1075 2458 1216 2505 aliam
1247 2457 1463 2521 speciem
1487 2457 1558 2502 fa·

136 2532 148 2540 ”
179 2532 288 2578 ciat.
322 2529 513 2577 Rustici
541 2538 786 2575 nostrates
818 2526 1024 2591 quidem
1048 2524 1110 2572 de
1138 2541 1237 2572 var.
1265 2523 1556 2583 Rotlzfolzre
